<?xml version="1.0" encoding="UTF-8"?>
<!DOCTYPE html PUBLIC "-//W3C//DTD XHTML 1.0 Transitional//EN"
    "http://www.w3.org/TR/xhtml1/DTD/xhtml1-transitional.dtd">
<html xmlns="http://www.w3.org/1999/xhtml" xml:lang="en" lang="en">
 <head>
  <title>
</title>
<meta http-equiv="Content-Type" content="text/html;charset=utf-8" />
  <meta name='ocr-system' content='tesseract 3.04.00' />
  <meta name='ocr-capabilities' content='ocr_page ocr_carea ocr_par ocr_line ocrx_word'/>
</head>
<body>
  <div class='ocr_page' id='page_1' title='image "./decatalogisheur00kremgoog_0018.png"; bbox 0 0 2782 4642; ppageno 0'>
   <div class='ocr_carea' id='block_1_1' title="bbox 595 361 785 425">
    <p class='ocr_par' dir='ltr' id='par_1_1' title="bbox 595 361 785 425">
     <span class='ocr_line' id='line_1_1' title="bbox 595 361 785 425; baseline 0 -14"><span class='ocrx_word' id='word_1_1' title='bbox 595 361 785 425; x_wconf 79' lang='grc'>..6-</span> 
     </span>
    </p>
   </div>
   <div class='ocr_carea' id='block_1_2' title="bbox 151 533 1234 2460">
    <p class='ocr_par' dir='ltr' id='par_1_2' title="bbox 151 533 1232 1624">
     <span class='ocr_line' id='line_1_2' title="bbox 151 533 1231 615; baseline -0.002 -16"><span class='ocrx_word' id='word_1_2' title='bbox 151 535 339 612; x_wconf 89' lang='lat' dir='ltr'>hominibus,</span> <span class='ocrx_word' id='word_1_3' title='bbox 349 533 418 597; x_wconf 91' lang='lat' dir='ltr'>deis</span> <span class='ocrx_word' id='word_1_4' title='bbox 429 571 466 578; x_wconf 78' lang='lat'>—</span> <span class='ocrx_word' id='word_1_5' title='bbox 482 533 713 599; x_wconf 83' lang='lat' dir='ltr'>adscribantur.</span> <span class='ocrx_word' id='word_1_6' title='bbox 738 534 819 598; x_wconf 90' lang='lat' dir='ltr'>Nam</span> <span class='ocrx_word' id='word_1_7' title='bbox 831 534 859 598; x_wconf 89' lang='lat' dir='ltr'>ei</span> <span class='ocrx_word' id='word_1_8' title='bbox 874 534 943 612; x_wconf 88' lang='lat' dir='ltr'>loci,</span> <span class='ocrx_word' id='word_1_9' title='bbox 958 534 1074 615; x_wconf 92' lang='lat' dir='ltr'>quibus</span> <span class='ocrx_word' id='word_1_10' title='bbox 1087 533 1231 614; x_wconf 90' lang='lat' dir='ltr'>complu·</span> 
     </span>
     <span class='ocr_line' id='line_1_3' title="bbox 152 635 1231 717; baseline -0.003 -15"><span class='ocrx_word' id='word_1_11' title='bbox 152 639 201 702; x_wconf 91' lang='lat' dir='ltr'>ria</span> <span class='ocrx_word' id='word_1_12' title='bbox 223 637 314 702; x_wconf 92' lang='lat' dir='ltr'>unius</span> <span class='ocrx_word' id='word_1_13' title='bbox 336 641 432 717; x_wconf 91' lang='lat' dir='ltr'>atque</span> <span class='ocrx_word' id='word_1_14' title='bbox 454 635 594 700; x_wconf 90' lang='lat' dir='ltr'>eiusdem</span> <span class='ocrx_word' id='word_1_15' title='bbox 617 637 796 716; x_wconf 90' lang='lat' dir='ltr'>argumenti</span> <span class='ocrx_word' id='word_1_16' title='bbox 823 636 1009 702; x_wconf 91' lang='lat' dir='ltr'>beuremata</span> <span class='ocrx_word' id='word_1_17' title='bbox 1030 635 1231 714; x_wconf 81' lang='lat' dir='ltr'>exhibentur,</span> 
     </span>
     <span class='ocr_line' id='line_1_4' title="bbox 151 737 1232 820; baseline -0.002 -17"><span class='ocrx_word' id='word_1_18' title='bbox 151 740 248 804; x_wconf 90' lang='lat' dir='ltr'>etiam</span> <span class='ocrx_word' id='word_1_19' title='bbox 271 758 288 803; x_wconf 92' lang='lat' dir='ltr'>e</span> <span class='ocrx_word' id='word_1_20' title='bbox 311 737 544 802; x_wconf 88' lang='lat' dir='ltr'>commentariis</span> <span class='ocrx_word' id='word_1_21' title='bbox 559 738 696 802; x_wconf 89' lang='lat' dir='ltr'>deriuati</span> <span class='ocrx_word' id='word_1_22' title='bbox 712 757 780 804; x_wconf 90' lang='lat' dir='ltr'>esse</span> <span class='ocrx_word' id='word_1_23' title='bbox 802 745 943 820; x_wconf 83' lang='lat' dir='ltr'>possunt,</span> <span class='ocrx_word' id='word_1_24' title='bbox 965 740 1019 820; x_wconf 90' lang='lat' dir='ltr'>qui</span> <span class='ocrx_word' id='word_1_25' title='bbox 1041 740 1082 803; x_wconf 90' lang='lat' dir='ltr'>de</span> <span class='ocrx_word' id='word_1_26' title='bbox 1097 737 1232 818; x_wconf 90' lang='lat' dir='ltr'>singulis</span> 
     </span>
     <span class='ocr_line' id='line_1_5' title="bbox 152 839 1231 923; baseline -0.004 -16"><span class='ocrx_word' id='word_1_27' title='bbox 152 841 275 907; x_wconf 89' lang='lat' dir='ltr'>artibus</span> <span class='ocrx_word' id='word_1_28' title='bbox 297 839 512 920; x_wconf 88' lang='lat' dir='ltr'>disciplinisue</span> <span class='ocrx_word' id='word_1_29' title='bbox 534 841 703 921; x_wconf 80' lang='lat' dir='ltr'>conscripti</span> <span class='ocrx_word' id='word_1_30' title='bbox 725 846 827 905; x_wconf 74' lang='lat' dir='ltr'>erant,</span> <span class='ocrx_word' id='word_1_31' title='bbox 871 841 914 904; x_wconf 83' lang='lat' dir='ltr'>Et</span> <span class='ocrx_word' id='word_1_32' title='bbox 935 842 994 906; x_wconf 90' lang='lat' dir='ltr'>hoc</span> <span class='ocrx_word' id='word_1_33' title='bbox 1010 842 1138 923; x_wconf 90' lang='lat' dir='ltr'>quidem</span> <span class='ocrx_word' id='word_1_34' title='bbox 1153 839 1231 904; x_wconf 93' lang='lat' dir='ltr'>mihi</span> 
     </span>
     <span class='ocr_line' id='line_1_6' title="bbox 152 943 1231 1024; baseline -0.001 -17"><span class='ocrx_word' id='word_1_35' title='bbox 152 943 355 1009; x_wconf 90' lang='lat' dir='ltr'>uerisimilius</span> <span class='ocrx_word' id='word_1_36' title='bbox 385 943 530 1020; x_wconf 89' lang='lat' dir='ltr'>uidetur,</span> <span class='ocrx_word' id='word_1_37' title='bbox 563 943 710 1024; x_wconf 89' lang='lat' dir='ltr'>quoniam</span> <span class='ocrx_word' id='word_1_38' title='bbox 742 944 773 1006; x_wconf 93' lang='lat' dir='ltr'>in</span> <span class='ocrx_word' id='word_1_39' title='bbox 797 944 951 1008; x_wconf 90' lang='lat' dir='ltr'>eiusmodi</span> <span class='ocrx_word' id='word_1_40' title='bbox 985 944 1231 1023; x_wconf 67' lang='lat' dir='ltr'>commentariis</span> 
     </span>
     <span class='ocr_line' id='line_1_7' title="bbox 153 1043 1232 1126; baseline -0.002 -16"><span class='ocrx_word' id='word_1_41' title='bbox 153 1046 270 1126; x_wconf 89' lang='lat' dir='ltr'>quippe</span> <span class='ocrx_word' id='word_1_42' title='bbox 300 1044 415 1126; x_wconf 92' lang='lat' dir='ltr'>quibus</span> <span class='ocrx_word' id='word_1_43' title='bbox 444 1064 506 1108; x_wconf 90' lang='lat' dir='ltr'>una</span> <span class='ocrx_word' id='word_1_44' title='bbox 536 1044 670 1109; x_wconf 90' lang='lat' dir='ltr'>materia</span> <span class='ocrx_word' id='word_1_45' title='bbox 691 1049 896 1126; x_wconf 80' lang='lat' dir='ltr'>tractaretur,</span> <span class='ocrx_word' id='word_1_46' title='bbox 927 1046 966 1109; x_wconf 91' lang='lat' dir='ltr'>de</span> <span class='ocrx_word' id='word_1_47' title='bbox 997 1043 1172 1125; x_wconf 92' lang='lat' dir='ltr'>originibus</span> <span class='ocrx_word' id='word_1_48' title='bbox 1199 1053 1232 1109; x_wconf 93' lang='lat' dir='ltr'>et</span> 
     </span>
     <span class='ocr_line' id='line_1_8' title="bbox 153 1146 1232 1227; baseline -0.001 -17"><span class='ocrx_word' id='word_1_49' title='bbox 153 1147 372 1211; x_wconf 87' lang='lat' dir='ltr'>inuentoribus</span> <span class='ocrx_word' id='word_1_50' title='bbox 395 1146 591 1226; x_wconf 87' lang='lat' dir='ltr'>singularum</span> <span class='ocrx_word' id='word_1_51' title='bbox 614 1165 719 1210; x_wconf 89' lang='lat' dir='ltr'>rerum</span> <span class='ocrx_word' id='word_1_52' title='bbox 743 1146 841 1210; x_wconf 90' lang='lat' dir='ltr'>multo</span> <span class='ocrx_word' id='word_1_53' title='bbox 863 1146 965 1211; x_wconf 87' lang='lat' dir='ltr'>fusius</span> <span class='ocrx_word' id='word_1_54' title='bbox 987 1166 1024 1212; x_wconf 87' lang='lat' dir='ltr'>ac</span> <span class='ocrx_word' id='word_1_55' title='bbox 1047 1146 1232 1227; x_wconf 90' lang='lat' dir='ltr'>diligentius</span> 
     </span>
     <span class='ocr_line' id='line_1_9' title="bbox 154 1243 1232 1335; baseline 0.001 -23"><span class='ocrx_word' id='word_1_56' title='bbox 154 1249 311 1330; x_wconf 92' lang='lat' dir='ltr'>disputari</span> <span class='ocrx_word' id='word_1_57' title='bbox 337 1254 463 1330; x_wconf 92' lang='lat' dir='ltr'>poterat</span> <span class='ocrx_word' id='word_1_58' title='bbox 497 1268 592 1329; x_wconf 90' lang='lat' dir='ltr'>quam</span> <span class='ocrx_word' id='word_1_59' title='bbox 627 1249 658 1312; x_wconf 91' lang='lat' dir='ltr'>in</span> <span class='ocrx_word' id='word_1_60' title='bbox 692 1248 782 1314; x_wconf 90' lang='lat' dir='ltr'>libris</span> <span class='ocrx_word' id='word_1_61' title='bbox 818 1273 853 1313; x_wconf 75' lang='lat' dir='ltr'>rr.</span> <span class='ocrx_word' id='word_1_62' title='bbox 886 1243 958 1335; x_wconf 73' lang='lat' dir='ltr'>obp,</span> <span class='ocrx_word' id='word_1_63' title='bbox 991 1249 1104 1329; x_wconf 90' lang='lat' dir='ltr'>quibus</span> <span class='ocrx_word' id='word_1_64' title='bbox 1131 1248 1232 1313; x_wconf 84' lang='lat' dir='ltr'>totius</span> 
     </span>
     <span class='ocr_line' id='line_1_10' title="bbox 153 1350 1230 1433; baseline -0.004 -16"><span class='ocrx_word' id='word_1_65' title='bbox 153 1354 314 1418; x_wconf 94' lang='lat' dir='ltr'>hominum</span> <span class='ocrx_word' id='word_1_66' title='bbox 337 1351 588 1433; x_wconf 85' lang='lat' dir='ltr'>populorumque</span> <span class='ocrx_word' id='word_1_67' title='bbox 611 1352 697 1415; x_wconf 90' lang='lat' dir='ltr'>uitae</span> <span class='ocrx_word' id='word_1_68' title='bbox 725 1353 901 1432; x_wconf 90' lang='lat' dir='ltr'>primordia</span> <span class='ocrx_word' id='word_1_69' title='bbox 922 1351 1178 1417; x_wconf 86' lang='lat' dir='ltr'>describerentur</span> <span class='ocrx_word' id='word_1_70' title='bbox 1191 1350 1230 1432; x_wconf 86' lang='grc' dir='ltr'>Ῐ).</span> 
     </span>
     <span class='ocr_line' id='line_1_11' title="bbox 154 1453 1232 1536; baseline -0.004 -16"><span class='ocrx_word' id='word_1_71' title='bbox 154 1458 257 1534; x_wconf 87' lang='lat' dir='ltr'>Quam</span> <span class='ocrx_word' id='word_1_72' title='bbox 279 1453 492 1519; x_wconf 90' lang='lat' dir='ltr'>coniecturam</span> <span class='ocrx_word' id='word_1_73' title='bbox 521 1454 618 1517; x_wconf 88' lang='lat' dir='ltr'>etiam</span> <span class='ocrx_word' id='word_1_74' title='bbox 647 1454 778 1536; x_wconf 90' lang='lat' dir='ltr'>propius</span> <span class='ocrx_word' id='word_1_75' title='bbox 808 1456 849 1520; x_wconf 88' lang='lat' dir='ltr'>ad</span> <span class='ocrx_word' id='word_1_76' title='bbox 882 1455 1051 1519; x_wconf 89' lang='lat' dir='ltr'>ueritatem</span> <span class='ocrx_word' id='word_1_77' title='bbox 1073 1454 1232 1518; x_wconf 86' lang='lat' dir='ltr'>adducere</span> 
     </span>
     <span class='ocr_line' id='line_1_12' title="bbox 153 1559 236 1624; baseline -0.012 -2"><span class='ocrx_word' id='word_1_78' title='bbox 153 1559 236 1624; x_wconf 90' lang='lat' dir='ltr'>licet.</span> 
     </span>
    </p>

    <p class='ocr_par' dir='ltr' id='par_1_3' title="bbox 154 1653 1234 2460">
     <span class='ocr_line' id='line_1_13' title="bbox 240 1653 1230 1745; baseline 0 -24"><span class='ocrx_word' id='word_1_79' title='bbox 240 1659 440 1740; x_wconf 85' lang='lat' dir='ltr'>Fragmentis</span> <span class='ocrx_word' id='word_1_80' title='bbox 455 1659 537 1723; x_wconf 89' lang='lat' dir='ltr'>enim</span> <span class='ocrx_word' id='word_1_81' title='bbox 557 1657 656 1722; x_wconf 86' lang='lat' dir='ltr'>Iubae</span> <span class='ocrx_word' id='word_1_82' title='bbox 678 1661 854 1745; x_wconf 65' lang='grc' dir='ltr'><strong><em>θεατρικῆς</em></strong></span> <span class='ocrx_word' id='word_1_83' title='bbox 877 1653 1023 1740; x_wconf 75' lang='grc' dir='ltr'><strong><em>ἱστορίας</em></strong></span> <span class='ocrx_word' id='word_1_84' title='bbox 1046 1678 1106 1722; x_wconf 92' lang='lat' dir='ltr'>non</span> <span class='ocrx_word' id='word_1_85' title='bbox 1128 1676 1230 1739; x_wconf 90' lang='lat' dir='ltr'>pauca</span> 
     </span>
     <span class='ocr_line' id='line_1_14' title="bbox 154 1759 1230 1843; baseline -0.007 -14"><span class='ocrx_word' id='word_1_86' title='bbox 154 1762 361 1843; x_wconf 85' lang='lat' dir='ltr'>singularium</span> <span class='ocrx_word' id='word_1_87' title='bbox 377 1761 575 1825; x_wconf 91' lang='lat' dir='ltr'>inuentorum</span> <span class='ocrx_word' id='word_1_88' title='bbox 592 1759 801 1839; x_wconf 89' lang='lat' dir='ltr'>continentur,</span> <span class='ocrx_word' id='word_1_89' title='bbox 820 1761 949 1842; x_wconf 90' lang='lat' dir='ltr'>quaein</span> <span class='ocrx_word' id='word_1_90' title='bbox 966 1761 1120 1842; x_wconf 84' lang='lat' dir='ltr'>catalogis</span> <span class='ocrx_word' id='word_1_91' title='bbox 1136 1760 1230 1824; x_wconf 90' lang='lat' dir='ltr'>Plinii</span> 
     </span>
     <span class='ocr_line' id='line_1_15' title="bbox 155 1860 1232 1947; baseline -0.004 -17"><span class='ocrx_word' id='word_1_92' title='bbox 155 1868 198 1947; x_wconf 86' lang='lat' dir='ltr'>(n.</span> <span class='ocrx_word' id='word_1_93' title='bbox 214 1865 245 1930; x_wconf 91' lang='lat' dir='ltr'>h.</span> <span class='ocrx_word' id='word_1_94' title='bbox 268 1864 330 1928; x_wconf 93' lang='lat' dir='ltr'>VII</span> <span class='ocrx_word' id='word_1_95' title='bbox 352 1863 440 1944; x_wconf 82' lang='lat'>204),</span> <span class='ocrx_word' id='word_1_96' title='bbox 463 1861 634 1926; x_wconf 80' lang='lat' dir='ltr'>Clementis</span> <span class='ocrx_word' id='word_1_97' title='bbox 656 1860 809 1944; x_wconf 89' lang='lat' dir='ltr'>(stroml</span> <span class='ocrx_word' id='word_1_98' title='bbox 833 1864 889 1927; x_wconf 83' lang='lat'>16:</span> <span class='ocrx_word' id='word_1_99' title='bbox 913 1865 952 1944; x_wconf 55' lang='grc' dir='ltr'>ἐξ</span> <span class='ocrx_word' id='word_1_100' title='bbox 969 1865 1008 1927; x_wconf 92' lang='grc'>11</span> <span class='ocrx_word' id='word_1_101' title='bbox 1023 1881 1085 1943; x_wconf 88' lang='lat' dir='ltr'>sq.;</span> <span class='ocrx_word' id='word_1_102' title='bbox 1109 1864 1151 1928; x_wconf 77' lang='lat'>25</span> <span class='ocrx_word' id='word_1_103' title='bbox 1167 1880 1232 1944; x_wconf 82' lang='lat' dir='ltr'>sq.;</span> 
     </span>
     <span class='ocr_line' id='line_1_16' title="bbox 154 1964 1234 2046; baseline -0.004 -12"><span class='ocrx_word' id='word_1_104' title='bbox 154 1968 298 2044; x_wconf 77' lang='lat'><strong>32—413</strong></span> <span class='ocrx_word' id='word_1_105' title='bbox 328 1967 370 2030; x_wconf 88' lang='grc'>46</span> <span class='ocrx_word' id='word_1_106' title='bbox 388 1965 459 2046; x_wconf 85' lang='lat' dir='ltr'>sq.)‚</span> <span class='ocrx_word' id='word_1_107' title='bbox 491 1964 646 2045; x_wconf 85' lang='lat' dir='ltr'>Anonymi</span> <span class='ocrx_word' id='word_1_108' title='bbox 679 1965 832 2046; x_wconf 85' lang='lat' dir='ltr'>(Cramer.</span> <span class='ocrx_word' id='word_1_109' title='bbox 865 1967 924 2030; x_wconf 80' lang='lat' dir='ltr'>An.</span> <span class='ocrx_word' id='word_1_110' title='bbox 949 1967 1006 2031; x_wconf 84' lang='lat' dir='ltr'>Or.</span> <span class='ocrx_word' id='word_1_111' title='bbox 1029 1966 1075 2029; x_wconf 92' lang='lat' dir='ltr'>IV</span> <span class='ocrx_word' id='word_1_112' title='bbox 1106 1985 1137 2045; x_wconf 93' lang='lat' dir='ltr'>p.</span> <span class='ocrx_word' id='word_1_113' title='bbox 1160 1965 1234 2044; x_wconf 87' lang='grc'>400,</span> 
     </span>
     <span class='ocr_line' id='line_1_17' title="bbox 157 2067 1234 2151; baseline -0.004 -19"><span class='ocrx_word' id='word_1_114' title='bbox 157 2069 296 2151; x_wconf 78' lang='lat'>16-20)</span> <span class='ocrx_word' id='word_1_115' title='bbox 319 2067 552 2147; x_wconf 86' lang='lat' dir='ltr'>desiderantur,</span> <span class='ocrx_word' id='word_1_116' title='bbox 575 2085 753 2147; x_wconf 89' lang='lat' dir='ltr'>quanquam</span> <span class='ocrx_word' id='word_1_117' title='bbox 770 2069 809 2131; x_wconf 91' lang='lat' dir='ltr'>de</span> <span class='ocrx_word' id='word_1_118' title='bbox 825 2068 884 2132; x_wconf 93' lang='lat' dir='ltr'>hoc</span> <span class='ocrx_word' id='word_1_119' title='bbox 901 2068 1031 2148; x_wconf 89' lang='lat' dir='ltr'>quidem</span> <span class='ocrx_word' id='word_1_120' title='bbox 1046 2074 1234 2148; x_wconf 88' lang='lat' dir='ltr'>argumento</span> 
     </span>
     <span class='ocr_line' id='line_1_18' title="bbox 156 2169 1231 2251; baseline 0.002 -18"><span class='ocrx_word' id='word_1_121' title='bbox 156 2211 196 2219; x_wconf 94' lang='grc'>-</span> <span class='ocrx_word' id='word_1_122' title='bbox 212 2177 315 2235; x_wconf 89' lang='lat' dir='ltr'>artem</span> <span class='ocrx_word' id='word_1_123' title='bbox 338 2169 490 2234; x_wconf 91' lang='lat' dir='ltr'>musicam</span> <span class='ocrx_word' id='word_1_124' title='bbox 514 2169 584 2234; x_wconf 91' lang='lat' dir='ltr'>dico</span> <span class='ocrx_word' id='word_1_125' title='bbox 600 2206 641 2213; x_wconf 94' lang='lat'>—</span> <span class='ocrx_word' id='word_1_126' title='bbox 657 2176 689 2233; x_wconf 92' lang='lat' dir='ltr'>et</span> <span class='ocrx_word' id='word_1_127' title='bbox 710 2171 789 2250; x_wconf 89' lang='lat' dir='ltr'>ipsis</span> <span class='ocrx_word' id='word_1_128' title='bbox 812 2170 842 2233; x_wconf 93' lang='lat' dir='ltr'>in</span> <span class='ocrx_word' id='word_1_129' title='bbox 866 2170 916 2234; x_wconf 91' lang='lat' dir='ltr'>his</span> <span class='ocrx_word' id='word_1_130' title='bbox 931 2169 1083 2250; x_wconf 84' lang='lat' dir='ltr'>catalogis</span> <span class='ocrx_word' id='word_1_131' title='bbox 1106 2171 1231 2251; x_wconf 89' lang='lat' dir='ltr'>copiose</span> 
     </span>
     <span class='ocr_line' id='line_1_19' title="bbox 156 2270 1231 2354; baseline -0.002 -17"><span class='ocrx_word' id='word_1_132' title='bbox 156 2273 272 2354; x_wconf 88' lang='lat' dir='ltr'>agitur.</span> <span class='ocrx_word' id='word_1_133' title='bbox 316 2270 440 2335; x_wconf 90' lang='lat' dir='ltr'>Deinde</span> <span class='ocrx_word' id='word_1_134' title='bbox 462 2288 564 2335; x_wconf 89' lang='lat' dir='ltr'>nonne</span> <span class='ocrx_word' id='word_1_135' title='bbox 593 2271 685 2351; x_wconf 92' lang='lat' dir='ltr'>longe</span> <span class='ocrx_word' id='word_1_136' title='bbox 716 2272 824 2353; x_wconf 88' lang='lat' dir='ltr'>plures</span> <span class='ocrx_word' id='word_1_137' title='bbox 856 2273 895 2336; x_wconf 93' lang='lat' dir='ltr'>de</span> <span class='ocrx_word' id='word_1_138' title='bbox 918 2272 1098 2337; x_wconf 89' lang='lat' dir='ltr'>litterarum</span> <span class='ocrx_word' id='word_1_139' title='bbox 1112 2274 1231 2337; x_wconf 18' lang='lat' dir='ltr'>*inuen-</span> 
     </span>
     <span class='ocr_line' id='line_1_20' title="bbox 155 2371 1233 2460; baseline -0.004 -20"><span class='ocrx_word' id='word_1_140' title='bbox 155 2375 276 2440; x_wconf 90' lang='lat' dir='ltr'>toribus</span> <span class='ocrx_word' id='word_1_141' title='bbox 307 2373 479 2438; x_wconf 87' lang='lat' dir='ltr'>sententias</span> <span class='ocrx_word' id='word_1_142' title='bbox 510 2373 666 2437; x_wconf 87' lang='lat' dir='ltr'>recensuit</span> <span class='ocrx_word' id='word_1_143' title='bbox 695 2375 811 2439; x_wconf 89' lang='lat' dir='ltr'>Lucius</span> <span class='ocrx_word' id='word_1_144' title='bbox 843 2375 954 2438; x_wconf 88' lang='lat' dir='ltr'>Tarrh.</span> <span class='ocrx_word' id='word_1_145' title='bbox 984 2375 1015 2439; x_wconf 91' lang='lat' dir='ltr'>in</span> <span class='ocrx_word' id='word_1_146' title='bbox 1046 2374 1127 2439; x_wconf 89' lang='lat' dir='ltr'>libro</span> <span class='ocrx_word' id='word_1_147' title='bbox 1156 2371 1233 2460; x_wconf 75' lang='grc' dir='ltr'><strong><em>περὶ</em></strong></span> 
     </span>
    </p>
   </div>
   <div class='ocr_carea' id='block_1_3' title="bbox 154 2471 1232 3070">
    <p class='ocr_par' dir='ltr' id='par_1_4' title="bbox 154 2471 1232 3070">
     <span class='ocr_line' id='line_1_21' title="bbox 154 2471 1231 2564; baseline -0.001 -24"><span class='ocrx_word' id='word_1_148' title='bbox 154 2471 352 2564; x_wconf 78' lang='grc' dir='ltr'><em>γραμμάτων</em></span> <span class='ocrx_word' id='word_1_149' title='bbox 374 2477 546 2557; x_wconf 90' lang='lat' dir='ltr'>composito</span> <span class='ocrx_word' id='word_1_150' title='bbox 576 2475 725 2559; x_wconf 82' lang='lat' dir='ltr'>(Bekker.</span> <span class='ocrx_word' id='word_1_151' title='bbox 749 2477 806 2540; x_wconf 84' lang='lat' dir='ltr'>AG</span> <span class='ocrx_word' id='word_1_152' title='bbox 827 2496 857 2557; x_wconf 88' lang='lat' dir='ltr'>p.</span> <span class='ocrx_word' id='word_1_153' title='bbox 882 2477 941 2541; x_wconf 81' lang='grc'>781</span> <span class='ocrx_word' id='word_1_154' title='bbox 959 2478 1053 2560; x_wconf 71' lang='lat' dir='ltr'>squ),</span> <span class='ocrx_word' id='word_1_155' title='bbox 1081 2495 1178 2556; x_wconf 91' lang='lat' dir='ltr'>quam</span> <span class='ocrx_word' id='word_1_156' title='bbox 1200 2477 1231 2540; x_wconf 94' lang='lat' dir='ltr'>in</span> 
     </span>
     <span class='ocr_line' id='line_1_22' title="bbox 156 2573 1232 2663; baseline -0.001 -19"><span class='ocrx_word' id='word_1_157' title='bbox 156 2581 313 2645; x_wconf 90' lang='lat' dir='ltr'>uniuersis</span> <span class='ocrx_word' id='word_1_158' title='bbox 338 2573 525 2663; x_wconf 68' lang='grc' dir='ltr'><em>εὑρημάτων</em></span> <span class='ocrx_word' id='word_1_159' title='bbox 546 2577 704 2642; x_wconf 89' lang='lat' dir='ltr'>indicibus</span> <span class='ocrx_word' id='word_1_160' title='bbox 719 2579 946 2658; x_wconf 82' lang='lat' dir='ltr'>reperiuntur?</span> <span class='ocrx_word' id='word_1_161' title='bbox 980 2579 1059 2642; x_wconf 91' lang='lat' dir='ltr'>Tum</span> <span class='ocrx_word' id='word_1_162' title='bbox 1076 2579 1113 2657; x_wconf 91' lang='lat' dir='ltr'>si,</span> <span class='ocrx_word' id='word_1_163' title='bbox 1137 2597 1232 2659; x_wconf 87' lang='lat' dir='ltr'>quae-</span> 
     </span>
     <span class='ocr_line' id='line_1_23' title="bbox 156 2680 1232 2764; baseline -0.003 -16"><span class='ocrx_word' id='word_1_164' title='bbox 156 2701 289 2764; x_wconf 89' lang='lat' dir='ltr'>cumque</span> <span class='ocrx_word' id='word_1_165' title='bbox 311 2681 342 2744; x_wconf 90' lang='lat' dir='ltr'>in</span> <span class='ocrx_word' id='word_1_166' title='bbox 372 2680 492 2745; x_wconf 89' lang='lat' dir='ltr'>cunctis</span> <span class='ocrx_word' id='word_1_167' title='bbox 514 2681 713 2744; x_wconf 81' lang='lat' dir='ltr'>inuentorem</span> <span class='ocrx_word' id='word_1_168' title='bbox 736 2680 887 2761; x_wconf 87' lang='lat' dir='ltr'>catalogis</span> <span class='ocrx_word' id='word_1_169' title='bbox 917 2681 958 2744; x_wconf 91' lang='lat' dir='ltr'>de</span> <span class='ocrx_word' id='word_1_170' title='bbox 988 2681 1067 2745; x_wconf 90' lang='lat' dir='ltr'>artis</span> <span class='ocrx_word' id='word_1_171' title='bbox 1089 2682 1232 2761; x_wconf 89' lang='lat' dir='ltr'>poeticae</span> 
     </span>
     <span class='ocr_line' id='line_1_24' title="bbox 155 2782 1230 2864; baseline -0.006 -12"><span class='ocrx_word' id='word_1_172' title='bbox 155 2784 339 2853; x_wconf 88' lang='lat' dir='ltr'>auctoribus</span> <span class='ocrx_word' id='word_1_173' title='bbox 368 2782 551 2863; x_wconf 87' lang='lat' dir='ltr'>traduntur,</span> <span class='ocrx_word' id='word_1_174' title='bbox 581 2801 651 2846; x_wconf 92' lang='lat' dir='ltr'>cum</span> <span class='ocrx_word' id='word_1_175' title='bbox 682 2784 728 2848; x_wconf 90' lang='lat' dir='ltr'>eis</span> <span class='ocrx_word' id='word_1_176' title='bbox 759 2784 1002 2864; x_wconf 70' lang='lat' dir='ltr'>comparaueris</span> <span class='ocrx_word' id='word_1_177' title='bbox 1034 2803 1115 2864; x_wconf 89' lang='lat' dir='ltr'>quae</span> <span class='ocrx_word' id='word_1_178' title='bbox 1145 2785 1230 2864; x_wconf 90' lang='lat' dir='ltr'>apud</span> 
     </span>
     <span class='ocr_line' id='line_1_25' title="bbox 157 2886 1232 2968; baseline -0.001 -15"><span class='ocrx_word' id='word_1_179' title='bbox 157 2890 287 2954; x_wconf 86' lang='lat' dir='ltr'>Suidam</span> <span class='ocrx_word' id='word_1_180' title='bbox 301 2886 332 2968; x_wconf 76' lang='lat'>²)</span> <span class='ocrx_word' id='word_1_181' title='bbox 354 2886 396 2949; x_wconf 91' lang='lat' dir='ltr'>de</span> <span class='ocrx_word' id='word_1_182' title='bbox 417 2887 528 2950; x_wconf 89' lang='lat' dir='ltr'>eadem</span> <span class='ocrx_word' id='word_1_183' title='bbox 551 2887 686 2951; x_wconf 90' lang='lat' dir='ltr'>materia</span> <span class='ocrx_word' id='word_1_184' title='bbox 705 2886 892 2965; x_wconf 88' lang='lat' dir='ltr'>referuntur,</span> <span class='ocrx_word' id='word_1_185' title='bbox 915 2887 1131 2967; x_wconf 89' lang='lat' dir='ltr'>catalogorum</span> <span class='ocrx_word' id='word_1_186' title='bbox 1152 2905 1232 2952; x_wconf 92' lang='lat' dir='ltr'>mes-</span> 
     </span>
     <span class='ocr_line' id='line_1_26' title="bbox 155 2987 693 3070; baseline -0.006 -15"><span class='ocrx_word' id='word_1_187' title='bbox 155 3009 221 3055; x_wconf 90' lang='lat' dir='ltr'>sem</span> <span class='ocrx_word' id='word_1_188' title='bbox 245 3008 313 3054; x_wconf 88' lang='lat' dir='ltr'>esse</span> <span class='ocrx_word' id='word_1_189' title='bbox 335 2987 497 3053; x_wconf 89' lang='lat' dir='ltr'>minimam</span> <span class='ocrx_word' id='word_1_190' title='bbox 519 3006 693 3070; x_wconf 88' lang='lat' dir='ltr'>cognosces.</span> 
     </span>
    </p>
   </div>
   <div class='ocr_carea' id='block_1_4' title="bbox 156 3222 1236 3996">
    <p class='ocr_par' dir='ltr' id='par_1_5' title="bbox 157 3222 1234 3479">
     <span class='ocr_line' id='line_1_27' title="bbox 247 3222 1233 3308; baseline 0 -20"><span class='ocrx_word' id='word_1_191' title='bbox 247 3233 275 3308; x_wconf 88' lang='lat' dir='ltr'>l)</span> <span class='ocrx_word' id='word_1_192' title='bbox 298 3233 425 3306; x_wconf 90' lang='lat' dir='ltr'>Propter</span> <span class='ocrx_word' id='word_1_193' title='bbox 447 3236 651 3305; x_wconf 89' lang='lat' dir='ltr'>argumentum</span> <span class='ocrx_word' id='word_1_194' title='bbox 673 3229 741 3288; x_wconf 91' lang='lat' dir='ltr'>libri</span> <span class='ocrx_word' id='word_1_195' title='bbox 765 3250 794 3288; x_wconf 81' lang='grc' dir='ltr'>π.</span> <span class='ocrx_word' id='word_1_196' title='bbox 819 3222 881 3307; x_wconf 74' lang='grc' dir='ltr'>εὕρ.</span> <span class='ocrx_word' id='word_1_197' title='bbox 904 3251 963 3289; x_wconf 91' lang='lat' dir='ltr'>non</span> <span class='ocrx_word' id='word_1_198' title='bbox 993 3231 1094 3306; x_wconf 88' lang='lat' dir='ltr'>inepte</span> <span class='ocrx_word' id='word_1_199' title='bbox 1117 3250 1233 3305; x_wconf 89' lang='lat' dir='ltr'>compa-</span> 
     </span>
     <span class='ocr_line' id='line_1_28' title="bbox 158 3315 1234 3394; baseline -0.001 -19"><span class='ocrx_word' id='word_1_200' title='bbox 158 3323 261 3376; x_wconf 89' lang='lat' dir='ltr'>rantur</span> <span class='ocrx_word' id='word_1_201' title='bbox 283 3337 347 3375; x_wconf 89' lang='lat' dir='ltr'>oum</span> <span class='ocrx_word' id='word_1_202' title='bbox 371 3317 431 3374; x_wconf 85' lang='lat' dir='ltr'>illis</span> <span class='ocrx_word' id='word_1_203' title='bbox 453 3315 601 3391; x_wconf 86' lang='lat' dir='ltr'>operibus,</span> <span class='ocrx_word' id='word_1_204' title='bbox 623 3316 732 3394; x_wconf 87' lang='lat' dir='ltr'>quibus</span> <span class='ocrx_word' id='word_1_205' title='bbox 753 3316 811 3374; x_wconf 90' lang='lat' dir='ltr'>uiri</span> <span class='ocrx_word' id='word_1_206' title='bbox 834 3318 913 3375; x_wconf 86' lang='lat' dir='ltr'>docti</span> <span class='ocrx_word' id='word_1_207' title='bbox 937 3323 1054 3375; x_wconf 86' lang='lat' dir='ltr'>nostrae</span> <span class='ocrx_word' id='word_1_208' title='bbox 1077 3317 1182 3374; x_wconf 86' lang='lat' dir='ltr'>aetatis</span> <span class='ocrx_word' id='word_1_209' title='bbox 1198 3317 1234 3374; x_wconf 88' lang='lat' dir='ltr'>de</span> 
     </span>
     <span class='ocr_line' id='line_1_29' title="bbox 157 3401 886 3479; baseline 0 -20"><span class='ocrx_word' id='word_1_210' title='bbox 157 3403 290 3478; x_wconf 86' lang='lat' dir='ltr'>gentium</span> <span class='ocrx_word' id='word_1_211' title='bbox 312 3401 383 3474; x_wconf 81' lang='lat' dir='ltr'>uita,</span> <span class='ocrx_word' id='word_1_212' title='bbox 406 3401 496 3473; x_wconf 84' lang='lat' dir='ltr'>cultu,</span> <span class='ocrx_word' id='word_1_213' title='bbox 519 3401 649 3479; x_wconf 79' lang='lat' dir='ltr'>moribus</span> <span class='ocrx_word' id='word_1_214' title='bbox 671 3420 759 3474; x_wconf 85' lang='lat' dir='ltr'>agere</span> <span class='ocrx_word' id='word_1_215' title='bbox 781 3401 886 3460; x_wconf 85' lang='lat' dir='ltr'>solent.</span> 
     </span>
    </p>

    <p class='ocr_par' dir='ltr' id='par_1_6' title="bbox 156 3484 1236 3996">
     <span class='ocr_line' id='line_1_30' title="bbox 245 3484 1234 3566; baseline 0.002 -22"><span class='ocrx_word' id='word_1_216' title='bbox 245 3490 274 3559; x_wconf 81' lang='lat'>2)</span> <span class='ocrx_word' id='word_1_217' title='bbox 296 3488 401 3564; x_wconf 86' lang='lat' dir='ltr'>Neque</span> <span class='ocrx_word' id='word_1_218' title='bbox 430 3487 509 3544; x_wconf 86' lang='lat' dir='ltr'>enim</span> <span class='ocrx_word' id='word_1_219' title='bbox 539 3487 688 3544; x_wconf 86' lang='lat' dir='ltr'>adsentior</span> <span class='ocrx_word' id='word_1_220' title='bbox 711 3487 825 3545; x_wconf 89' lang='lat' dir='ltr'>Daubio</span> <span class='ocrx_word' id='word_1_221' title='bbox 853 3485 985 3560; x_wconf 78' lang='lat' dir='ltr'>(Annal.</span> <span class='ocrx_word' id='word_1_222' title='bbox 1001 3484 1113 3566; x_wconf 71' lang='lat' dir='ltr'>philol.</span> <span class='ocrx_word' id='word_1_223' title='bbox 1136 3487 1234 3563; x_wconf 85' lang='lat' dir='ltr'>suppl.</span> 
     </span>
     <span class='ocr_line' id='line_1_31' title="bbox 156 3571 1233 3649; baseline 0.001 -19"><span class='ocrx_word' id='word_1_224' title='bbox 156 3573 213 3631; x_wconf 86' lang='lat' dir='ltr'>XI.</span> <span class='ocrx_word' id='word_1_225' title='bbox 240 3577 329 3630; x_wconf 86' lang='grc'><strong>1880.</strong></span> <span class='ocrx_word' id='word_1_226' title='bbox 353 3593 380 3647; x_wconf 88' lang='lat' dir='ltr'>p.</span> <span class='ocrx_word' id='word_1_227' title='bbox 406 3571 480 3648; x_wconf 85' lang='lat'>481)</span> <span class='ocrx_word' id='word_1_228' title='bbox 510 3571 686 3646; x_wconf 83' lang='lat' dir='ltr'>Dionysium</span> <span class='ocrx_word' id='word_1_229' title='bbox 718 3572 787 3633; x_wconf 82' lang='lat' dir='ltr'>Hal.</span> <span class='ocrx_word' id='word_1_230' title='bbox 820 3574 869 3648; x_wconf 88' lang='lat' dir='ltr'>(cf.</span> <span class='ocrx_word' id='word_1_231' title='bbox 892 3593 981 3648; x_wconf 89' lang='lat' dir='ltr'>supra</span> <span class='ocrx_word' id='word_1_232' title='bbox 1002 3593 1029 3648; x_wconf 94' lang='lat' dir='ltr'>p.</span> <span class='ocrx_word' id='word_1_233' title='bbox 1055 3574 1086 3649; x_wconf 85' lang='lat'>3)</span> <span class='ocrx_word' id='word_1_234' title='bbox 1110 3592 1126 3630; x_wconf 87' lang='lat' dir='ltr'>e</span> <span class='ocrx_word' id='word_1_235' title='bbox 1147 3572 1233 3631; x_wconf 91' lang='lat' dir='ltr'>libris</span> 
     </span>
     <span class='ocr_line' id='line_1_32' title="bbox 158 3648 1234 3735; baseline 0.004 -22"><span class='ocrx_word' id='word_1_236' title='bbox 158 3680 188 3714; x_wconf 81' lang='grc' dir='ltr'>π.</span> <span class='ocrx_word' id='word_1_237' title='bbox 211 3648 271 3733; x_wconf 75' lang='lat' dir='ltr'>erip.</span> <span class='ocrx_word' id='word_1_238' title='bbox 294 3658 427 3716; x_wconf 85' lang='lat' dir='ltr'>hausisse</span> <span class='ocrx_word' id='word_1_239' title='bbox 450 3657 655 3729; x_wconf 87' lang='lat' dir='ltr'>contendenti;</span> <span class='ocrx_word' id='word_1_240' title='bbox 687 3677 816 3735; x_wconf 85' lang='lat' dir='ltr'>quonam</span> <span class='ocrx_word' id='word_1_241' title='bbox 839 3658 931 3717; x_wconf 86' lang='lat' dir='ltr'>fuisse</span> <span class='ocrx_word' id='word_1_242' title='bbox 954 3659 1067 3717; x_wconf 90' lang='lat' dir='ltr'>ambitu</span> <span class='ocrx_word' id='word_1_243' title='bbox 1087 3657 1180 3716; x_wconf 89' lang='lat' dir='ltr'>libros</span> <span class='ocrx_word' id='word_1_244' title='bbox 1202 3679 1234 3717; x_wconf 83' lang='grc' dir='ltr'>π.</span> 
     </span>
     <span class='ocr_line' id='line_1_33' title="bbox 158 3735 1235 3821; baseline 0 -21"><span class='ocrx_word' id='word_1_245' title='bbox 158 3735 216 3821; x_wconf 76' lang='grc' dir='ltr'>εὕρ.</span> <span class='ocrx_word' id='word_1_246' title='bbox 246 3743 393 3816; x_wconf 81' lang='lat' dir='ltr'>dicemus,</span> <span class='ocrx_word' id='word_1_247' title='bbox 429 3743 453 3800; x_wconf 87' lang='lat' dir='ltr'>si</span> <span class='ocrx_word' id='word_1_248' title='bbox 489 3741 628 3799; x_wconf 88' lang='lat' dir='ltr'>uniuersa</span> <span class='ocrx_word' id='word_1_249' title='bbox 657 3744 788 3801; x_wconf 91' lang='lat' dir='ltr'>omnium</span> <span class='ocrx_word' id='word_1_250' title='bbox 819 3744 1011 3820; x_wconf 87' lang='lat' dir='ltr'>peculiarium</span> <span class='ocrx_word' id='word_1_251' title='bbox 1045 3744 1235 3802; x_wconf 88' lang='lat' dir='ltr'>materiarum</span> 
     </span>
     <span class='ocr_line' id='line_1_34' title="bbox 157 3820 1236 3905; baseline -0.002 -18"><span class='ocrx_word' id='word_1_252' title='bbox 157 3820 329 3888; x_wconf 74' lang='lat' dir='ltr'>heuremata</span> <span class='ocrx_word' id='word_1_253' title='bbox 351 3829 393 3887; x_wconf 88' lang='lat' dir='ltr'>eis</span> <span class='ocrx_word' id='word_1_254' title='bbox 415 3829 627 3904; x_wconf 87' lang='lat' dir='ltr'>comprehensa</span> <span class='ocrx_word' id='word_1_255' title='bbox 648 3829 740 3888; x_wconf 85' lang='lat' dir='ltr'>fuisse</span> <span class='ocrx_word' id='word_1_256' title='bbox 762 3829 951 3905; x_wconf 88' lang='lat' dir='ltr'>putabimus?</span> <span class='ocrx_word' id='word_1_257' title='bbox 982 3831 1025 3886; x_wconf 82' lang='lat' dir='ltr'>At</span> <span class='ocrx_word' id='word_1_258' title='bbox 1054 3847 1151 3885; x_wconf 92' lang='lat' dir='ltr'>meum</span> <span class='ocrx_word' id='word_1_259' title='bbox 1173 3849 1236 3886; x_wconf 91' lang='lat' dir='ltr'>non</span> 
     </span>
     <span class='ocr_line' id='line_1_35' title="bbox 159 3913 1236 3996; baseline -0.001 -23"><span class='ocrx_word' id='word_1_260' title='bbox 159 3924 204 3974; x_wconf 86' lang='lat' dir='ltr'>est</span> <span class='ocrx_word' id='word_1_261' title='bbox 225 3915 387 3975; x_wconf 86' lang='lat' dir='ltr'>sententias</span> <span class='ocrx_word' id='word_1_262' title='bbox 416 3935 516 3973; x_wconf 88' lang='lat' dir='ltr'>eorum</span> <span class='ocrx_word' id='word_1_263' title='bbox 550 3916 728 3988; x_wconf 85' lang='lat' dir='ltr'>examinare,</span> <span class='ocrx_word' id='word_1_264' title='bbox 761 3916 813 3996; x_wconf 88' lang='lat' dir='ltr'>qui</span> <span class='ocrx_word' id='word_1_265' title='bbox 842 3917 890 3974; x_wconf 90' lang='lat' dir='ltr'>hio</span> <span class='ocrx_word' id='word_1_266' title='bbox 911 3915 972 3972; x_wconf 92' lang='lat' dir='ltr'>illic</span> <span class='ocrx_word' id='word_1_267' title='bbox 994 3913 1108 3971; x_wconf 86' lang='lat' dir='ltr'>fontem</span> <span class='ocrx_word' id='word_1_268' title='bbox 1130 3915 1236 3972; x_wconf 86' lang='lat' dir='ltr'>heure-</span> 
     </span>
    </p>
   </div>
   <div class='ocr_carea' id='block_1_5' title="bbox 0 0 1402 4642">
    <p class='ocr_par' dir='ltr' id='par_1_7' title="bbox 0 0 1402 4642">
     <span class='ocr_line' id='line_1_36' title="bbox 0 0 1402 4642; baseline 0 0"><span class='ocrx_word' id='word_1_269' title='bbox 0 0 1402 4642; x_wconf 95' lang='lat' dir='ltr'> </span> 
     </span>
    </p>
   </div>
  </div>
 </body>
</html>
