2782 4642
583 331 792 396 -27-

150 498 222 564 cula
255 520 274 565 a
308 499 479 566 Clementis
513 502 694 567 narratione
727 520 798 568 cum
828 501 935 566 uerbis
968 504 1000 565 et
1039 501 1164 566 omissis
1196 509 1228 567 et

152 602 300 682 mutatis,
333 608 401 668 tum
431 605 543 668 ordine
573 602 733 669 abhorret.
778 605 895 668 Iisdem
929 623 1004 668 uero
1034 604 1129 670 rebus
1159 622 1229 669 cum

152 704 413 770 Theodoreti
427 706 457 787 1)
479 705 620 788 epitoma
643 706 696 784 (cf.
719 704 802 770 infra
824 726 854 788 p.
878 707 920 770 59
935 710 1017 788 sqq.)
1059 707 1229 788 conspirat.

154 809 256 873 Unum
281 814 387 872 tamen
411 807 550 873 offendit.
595 806 714 873 Suidae
737 809 820 873 enim
844 803 961 888 „theco
983 805 1038 872 acl
1065 803 1231 872 Φοινίκεια

153 903 357 996 ἑκλήθησαν“
389 910 489 975 uerba
519 913 606 993 apud
636 912 868 976 Theodoretum
892 912 1127 992 desiderantur,
1159 930 1229 976 cunr

152 1014 238 1094 apud
263 1012 456 1078 Clementem
478 1012 621 1095 legatur:
655 1008 754 1096 ‚tea
784 1013 841 1079 καὶ
867 1010 1039 1099 Φοινικήια
1063 1013 1104 1078 τὰ
1126 1009 1229 1100 γράμ-

156 1137 245 1195 ματα
261 1109 440 1199 Ἡρόδοτος
461 1114 640 1202 κεκλῆσθαι
663 1112 811 1201 γράφειιι,
842 1117 889 1181 ita
911 1122 948 1182 ut
970 1119 1116 1197 quamuis
1138 1117 1232 1181 inuiti

156 1217 198 1280 ad
223 1215 414 1282 Clementem
438 1219 511 1283 reici
536 1220 711 1285 uideamur.
757 1219 822 1286 Nec
850 1237 924 1284 uero
947 1219 1111 1301 quisquam
1135 1217 1230 1284 infiti-

153 1318 261 1383 abitur
282 1319 340 1384 hoc
363 1320 479 1385 Suidae
509 1321 729 1387 additamento
758 1322 835 1387 nihil
866 1322 1020 1388 contineri
1053 1323 1112 1386 nisi
1136 1323 1232 1387 notis-

155 1423 266 1486 simam
305 1440 390 1500 rem,
428 1442 522 1504 quam
560 1423 653 1488 homo
686 1425 781 1489 etiam
816 1424 1016 1489 mediocriter
1051 1425 1081 1489 in
1116 1423 1233 1489 litteris

154 1530 300 1590 uersatus
332 1545 349 1589 e
384 1526 491 1591 multis
523 1524 663 1591 fontibus
695 1529 860 1593 desumere
894 1529 1037 1607 potuerit
1071 1533 1103 1593 et
1136 1545 1229 1609 quam

154 1626 240 1693 locus
279 1628 329 1692 uel
366 1647 496 1710 poscere
529 1629 685 1694 uideatur.
740 1629 854 1712 Itaque
885 1629 1015 1695 Suidam
1055 1625 1230 1715 γράμματα
1292 1693 1294 1695 ,
1333 1650 1339 1691 ,²

155 1729 320 1794 lemmatos
342 1731 595 1811 explanationem
627 1751 643 1795 e
665 1732 857 1797 Theodoreti
879 1734 1121 1817 θεραπευτικῇς
1150 1731 1230 1794 libro
1326 1718 1329 1741 ⁴

156 1833 300 1896 hausisse
322 1839 356 1897 et
378 1834 427 1914 iis,
459 1833 636 1916 dequibus
669 1837 761 1899 modo
793 1836 853 1915 egi,
886 1835 991 1899 uerbis
1022 1835 1125 1917 ipsum
1149 1833 1233 1903 locu·
1339 1818 1347 1837 “

152 1936 325 2016 pletauisse
348 1937 555 2017 suspicamur,
577 1938 766 2019 praesertim
792 1957 863 2002 cum
880 1938 1123 2019 lexicographus
1138 1936 1234 2000 huius

156 2038 252 2102 libros
275 2040 458 2120 saepissime
480 2040 512 2102 in
536 2058 628 2106 usum
651 2041 854 2106 conuerterit.
900 2041 1127 2122 Bernhardyus
1149 2037 1232 2104 enim

155 2140 186 2204 in
209 2141 312 2206 indice
335 2148 497 2207 auctorum
520 2162 540 2206 a
563 2141 662 2207 Suida
683 2143 898 2208 adhibitorum
924 2141 987 2210 150
1002 2145 1128 2208 circiter
1150 2142 1233 2205 locos

156 2243 318 2324 indicauit,
349 2261 426 2323 quos
455 2245 509 2311 ille
539 2246 768 2310 eTheodoreti
792 2245 941 2326 operibus
964 2245 1137 2325 delibauit;
1170 2260 1232 2325 quo

157 2345 186 2408 in
217 2363 346 2410 numero
376 2348 437 2411 duo
471 2349 681 2430 reperiuntur,
714 2348 767 2430 qui
800 2350 909 2413 eodem
935 2367 973 2413 ex
994 2349 1233 2432 θεραπευτικῆς

156 2447 236 2510 libro
260 2450 461 2530 transscripti
482 2455 573 2515 sunt:
598 2451 683 2514 Suid.
698 2469 723 2514 s.
748 2446 1008 2535 Σαρδανάπαλος
1030 2458 1062 2513 et
1085 2469 1107 2513 s.
1126 2453 1228 2512 Σατα-

156 2552 212 2625 νᾶς
234 2568 273 2612 ex
287 2549 405 2615 Theod.
420 2556 542 2636 θεραιι.
557 2553 618 2617 XII
633 2553 675 2618 94
690 2559 722 2617 et
738 2552 787 2617 III
805 2552 867 2616 100
881 2570 927 2633 sq.
939 2551 979 2632 2).
1008 2550 1228 2631 Ablegandum

158 2670 230 2733 ergo
253 2659 303 2716 est
326 2652 485 2737 Suidael)
508 2656 721 2720 testimonium
745 2674 802 2737 per
818 2654 1050 2719 Theodoretum
1074 2654 1115 2716 ad
1131 2653 1232 2733 ipsius

158 2755 327 2822 Clementis
353 2759 585 2823 auctoritatem.

247 2947 276 3022 1)
299 2948 476 3007 Theodoreti
493 2950 650 3024 epitomam
674 2958 827 3025 praeterea
848 2950 1050 3025 transscripsit
1065 2946 1234 3023 grammati-

161 3054 209 3092 cus
224 3033 324 3092 neseio
340 3034 407 3112 quis
429 3036 460 3091 in
484 3035 611 3093 Crameri
635 3039 693 3094 An.
711 3037 808 3096 Oxon.
831 3037 874 3094 IV
896 3056 925 3110 p.
943 3042 1012 3108 241,
1036 3036 1160 3092 114-17
1185 3034 1234 3111 (ef.

159 3121 235 3178 infra
258 3139 322 3194 cap.
346 3120 446 3195 VIII).

245 3205 277 3280 2)
300 3206 397 3263 Etiam
420 3207 466 3265 his
488 3206 560 3265 locis
583 3206 687 3265 Suidas
709 3207 833 3281 paucula
849 3207 991 3285 quaedam
1015 3205 1137 3280 addidit,
1160 3223 1235 3284 quae

161 3290 190 3348 in
212 3291 390 3350 Theodoreti
415 3293 564 3350 codicibus
586 3294 700 3350 desunt.

248 3378 279 3452 3)
303 3378 427 3436 Iacobus
459 3379 494 3435 de
516 3377 618 3435 Rhoer
647 3379 682 3435 ad
706 3378 853 3452 Porphyr.
878 3378 912 3434 de
939 3378 1046 3436 obstin.
1070 3378 1121 3435 ΙΠ
1146 3381 1181 3432 15
1206 3395 1234 3449 p.

163 3467 220 3522 249
257 3463 316 3539 (ed.
339 3483 365 3522 a.
391 3464 485 3541 1767)
515 3463 634 3520 Suidam
657 3483 678 3520 s.
701 3483 728 3519 u.
754 3448 842 3530 Ἆπις
872 3463 1040 3538 respexisse
1070 3468 1155 3537 putat
1177 3464 1235 3517 Ae-

163 3548 254 3626 schyli
278 3550 373 3624 suppl.
391 3554 451 3605 262
475 3549 615 3627 additque
640 3549 841 3624 „Aegyptium
866 3548 1019 3626 (Apidem)
1042 3568 1104 3607 cum
1123 3547 1235 3620 Argiuo

164 3654 248 3711 saepe
283 3635 422 3693 confundi
454 3640 571 3692 constat
599 3627 678 3691 inter
708 3639 837 3694 omnes“.
882 3633 976 3696 Quem
1010 3634 1100 3693 secuti
1128 3633 1235 3691 Snidae

164 3723 289 3780 editores
320 3721 458 3778 lectorem
488 3728 630 3777 reuocant
661 3720 696 3776 ad
729 3720 871 3797 Aeschyli
893 3719 912 3777 l.
934 3721 952 3777 l.
1000 3723 1041 3778 At
1061 3717 1235 3778 falsissime!

164 3808 307 3883 quomodo
339 3807 416 3864 enim
448 3805 597 3864 euincitur
627 3805 734 3863 Suidae
763 3806 1030 3879 neglegentia
1054 3802 1235 3881 Aegyptium

164 3892 286 3966 Apidem
309 3890 499 3949 substitutum
532 3909 595 3949 esse
626 3910 680 3966 pro
705 3890 868 3968 Aeschyleo
895 3890 957 3963 illo,
990 3891 1040 3970 qui
1063 3883 1180 3964 ,cleda
1203 3886 1236 3948 ἐκ
