2782 4642
591 342 802 408 ..35-

162 510 204 575 tis
225 511 345 593 libyos
367 510 489 577 ferunt:
513 511 604 576 Diod.
620 510 669 576 Ill
692 513 779 592 60,2
801 521 835 580 et
857 515 901 580 IV
916 516 968 592 27,
985 516 1012 580 1.
1058 513 1127 590 Quo
1143 517 1239 582 rasti-

161 620 233 680 tuto
253 613 314 680 hoc
335 607 398 699 allo.
420 615 541 695 optime
561 615 701 696 quadrat
722 618 764 681 ad
788 617 806 699 ξ
830 616 880 682 15.
902 653 944 662 -

247 717 329 799 §28
352 711 510 802 ,Μήδεια
537 739 572 780 τε
593 711 614 803 η
633 713 766 804 Αἰήτου
795 713 961 805 ηΚολχὶς
994 715 1108 805 πρώτη
1130 720 1239 808 βαφην

160 817 281 904 τριχι”ν
303 815 511 904 ἐπενόησεν.“
545 819 661 885 Mirum
694 821 753 885 hoc
775 813 839 906 clip.
862 838 900 885 ex
923 822 1099 888 insaniente
1121 841 1238 904 eorum,

161 923 215 1003 qui
225 921 458 1003 pragmaticam
470 921 538 986 siue
547 922 731 988 historicam
748 922 927 1003 mythorum
942 925 1237 1006 interpretationem

161 1023 357 1104 exercebant,
379 1024 537 1106 sapientia
559 1024 739 1090 manauisse
761 1025 855 1090 docet
883 1025 1035 1107 Palaeph.
1058 1028 1098 1093 de
1120 1026 1236 1092 incred.
1340 1097 1346 1121 ,Ι
1379 1052 1388 1073 -·

152 1129 202 1194 ·44
224 1145 255 1208 p.
278 1128 342 1193 306
363 1126 550 1194 Westcrm.:
573 1125 679 1212 ,,Περί
701 1123 852 1214 Μηδείας
875 1127 977 1212 φασὶν
998 1124 1021 1193 o‘
1027 1153 1044 1206 ς
1064 1122 1236 1214 ἀνέψοοσα

160 1228 235 1309 τοὺς
256 1226 444 1317 πρεσβύτας
465 1227 556 1305 νέους
578 1226 695 1295 ἐποίει.
719 1227 844 1313 ἐγένετο
866 1230 904 1295 δέ
923 1231 1079 1296 τοιοῦτον.
1103 1227 1235 1319 Μήδεια
1309 1216 1315 1237 ’

161 1329 274 1420 πρώτη
305 1335 451 1397 τοιοῦτον
485 1328 592 1409 ἄνθος
627 1321 698 1418 εὗρε
728 1328 904 1416 δυνάμενον
941 1331 997 1397 καί
1034 1332 1093 1411 τοὶς
1122 1333 1237 1411 λευκὰς

159 1432 272 1524 τρίχας
301 1439 436 1523 ποιησαι
466 1431 631 1519 μελαίνας.
667 1433 743 1512 τούς
779 1428 833 1500 οὗν
861 1434 1017 1520 γέροντας
1045 1434 1082 1500 ἐκ
1110 1437 1237 1501 πολιῶν

161 1535 318 1623 μελαίνας
350 1532 461 1624 τρίχας
491 1532 624 1617 ἐηοντας
663 1533 770 1602 ἐποίει
808 1529 997 1624 φαίνεσθαι.
1029 1535 1148 1620 πυρίαν
1182 1531 1237 1603 οὖν

161 1637 273 1729 πρώτη
300 1636 427 1726 Μήδεια
450 1637 589 1726 ἐφεῦρεν.
613 1635 770 1725 ἐπυρίαζε
799 1639 861 1727 γὰρ
889 1639 931 1705 τὰ
962 1637 1099 1724 σώματα
1122 1634 1180 1706 οὐκ
1202 1636 1236 1706 ἐν

161 1748 204 1831 aa*
228 1745 404 1830 προφανεῖ,
436 1743 490 1806 ἵνα
519 1738 563 1828 μή
593 1765 645 1817 τις
667 1737 764 1830 μάθῃ
786 1746 851 1808 τῶν
873 1739 1001 1829 ἰατρῶν,
1026 1746 1177 1829 ποριῶοα
1200 1743 1236 1808 δὲ

160 1840 266 1931 ιίρκου
287 1842 400 1930 μηδενὶ
421 1840 559 1930 μηνίειν.
582 1839 686 1928 ὄνομα
709 1843 746 1909 δέ
760 1836 798 1932 ἦν
812 1848 859 1931 τῷ
874 1841 1059 1933 ποριοίματι
1082 1844 1235 1932 παρέψη-

160 1969 221 2027 οις.
247 1943 360 2032 ὥσπερ
390 1937 445 2010 οὗν
466 1942 659 2032 κουφότεροι
689 1942 720 2013 oi
748 1943 923 2035 ἅνθρωποι
952 1946 1008 2012 καί
1029 1942 1235 2031 ὑγιεινότεροι

160 2047 306 2135 ἐγίνοντο
331 2044 544 2136 πυριιόμενοι.
568 2047 604 2113 ἐκ
627 2047 666 2136 δὴ
687 2045 803 2113 τούτου
819 2044 956 2135 ὁρῶντες
977 2049 1033 2137 τὴν
1055 2071 1237 2135 παρασκευ-

158 2148 202 2242 ήν,
227 2151 364 2239 λέβητας
385 2149 441 2216 καί
464 2147 544 2232 ξύλα
565 2150 622 2216 καί
638 2155 713 2238 reip,
736 2147 894 2236 ἐνόμισαν
918 2147 940 2216 o‘
946 2175 963 2228 ς
985 2148 1063 2236 ἕψει
1084 2151 1161 2230 τούς
1182 2146 1235 2218 ἄν·

157 2252 325 2343 θρώποις.
348 2250 366 2320 ὃ
388 2254 424 2320 δέ
439 2250 573 2334 Πελίας,
597 2249 779 2340 ἅνθρωπος
792 2251 893 2341 γέρων
915 2251 971 2318 καί
994 2247 1147 2341 ἀσθενής,
1171 2281 1233 2321 πυ·

159 2355 317 2444 ριώμενος
340 2351 542 2422 ἀπέθανεν.“
586 2358 699 2422 Totam
715 2358 867 2437 exscripsi
891 2359 1105 2423 narrationem
1129 2359 1235 2424 misel-

157 2461 230 2540 lam,
252 2465 288 2524 ut
310 2460 558 2526 luculentissimo
580 2461 640 2525 hoc
662 2458 804 2540 exemplo
827 2460 960 2524 istorum
984 2460 1233 2542 mytbograpbo·

158 2583 227 2628 rum
252 2565 365 2628 modus
394 2560 627 2644 interpretandi
655 2563 765 2626 statim
788 2561 1010 2643 perspiciatur,
1042 2562 1159 2644 quippe
1181 2564 1233 2628 cui
1289 2640 1292 2644 ,

157 2665 315 2747 permulta
337 2666 469 2731 inuenta
501 2683 582 2730 noua
613 2665 801 2729 debeantur.
846 2664 1041 2745 Quicumque
1069 2665 1152 2728 enim
1174 2683 1231 2746 pro

157 2770 224 2835 deis
248 2768 347 2833 solam
363 2769 524 2834 ‘rationem
549 2769 641 2832 deam
665 2767 812 2832 colebant
834 2802 875 2811 -
897 2767 1139 2833 Euhemeristas
1161 2768 1232 2833 dico

156 2878 187 2937 et
216 2872 249 2937 in
272 2871 384 2953 primis
407 2867 484 2954 περὶ
507 2862 660 2933 ἀπίστων
689 2870 859 2951 scriptores
888 2904 940 2951 -·,
972 2871 1021 2934 ita
1053 2871 1087 2934 in
1117 2868 1233 2934 fabulis

155 2974 349 3056 explicandis
371 2973 595 3054 uersabantur,
618 2977 654 3037 ut
670 2971 817 3054 quamuis
839 2972 1040 3038 incredibiles
1056 2991 1110 3038 eas
1125 2972 1232 3037 existi-

155 3081 288 3156 marent,
318 3070 439 3156 aliqdid
470 3079 575 3140 tamen
599 3076 667 3140 neri
690 3073 736 3140 eis
758 3075 888 3150 subesse
910 3076 1126 3155 opinarentur,
1149 3076 1233 3156 quod

155 3179 316 3246 lenociniis
337 3177 471 3259 poeticis
493 3179 632 3243 detersis
654 3178 877 3259 erroribusque
899 3177 1060 3244 bominum
1083 3177 1234 3243 correctis

155 3282 274 3363 ingenii
297 3282 434 3347 acumini
450 3281 639 3346 eliciendum
656 3289 750 3346 esset.
795 3282 872 3345 Inde
891 3299 961 3346 cum
979 3279 1140 3377 miraculis
1157 3298 1232 3344 uera

153 3388 292 3452 eximere
316 3385 422 3450 conati
444 3384 569 3450 rabulas
584 3402 713 3465 prorsus
729 3383 1039 3465 transmutauissent,
1061 3401 1122 3448 non
1138 3379 1233 3447 semel

153 3490 194 3554 ad
216 3488 403 3554 heuremata
432 3487 696 3552 comminiscendo
727 3486 858 3551 adducti
890 3492 975 3551 sunt.
1019 3485 1117 3551 Cuius
1148 3482 1232 3548 modi

153 3590 298 3671 exempla
335 3607 436 3670 pauca
468 3589 607 3655 breuiter
644 3590 798 3652 adnotare
828 3607 888 3653 non
920 3588 978 3654 abs
1014 3607 1048 3654 re
1088 3605 1155 3650 esse
1185 3586 1232 3649 ui-

152 3694 265 3770 detur,
294 3692 458 3774 quoniam,
499 3697 652 3774 quantum
691 3692 733 3754 ad
770 3690 1121 3771 heurematographiam
1154 3688 1231 3752 haec

152 3795 235 3861 ratio
266 3794 443 3872 contulerit,
473 3794 578 3858 adbuc
609 3794 788 3873 quaesitum
821 3800 962 3857 nonest.
1000 3787 1109 3856 ‘Atlas
1130 3795 1231 3855 astro-

152 3899 269 3980 logiam
292 3889 442 3963 inuenit':
473 3896 552 3961 Plin.
575 3916 604 3960 n.
627 3896 658 3960 h.
682 3895 829 3961 V11203
852 3893 891 3959 cl.
914 3895 1068 3961 Heraclit.
1092 3896 1132 3961 de
1154 3893 1230 3959 incr·

997 3996 1034 4058 3*
1081 4053 1083 4057 ,
