2782 4642
669 284 882 352 ..96-

325 457 343 540 ξ
365 455 406 523 51
430 475 500 523 uer.
522 455 567 521 XI
588 455 641 524 38.
664 454 854 537 „Pulchrum
871 455 965 540 plane
986 473 1066 540 opus
1088 455 1122 533 (i.
1146 473 1172 520 e.
1195 455 1317 521 cbar-

240 558 323 642 tes)
347 558 503 641 Memphis
518 559 680 641 ingeniose
695 561 850 641 concepit
871 567 908 624 ut
923 560 1072 624 uniuersa
1088 558 1204 624 scrinia
1220 558 1320 624 uesti-

239 670 300 743 ret‚
322 663 406 744 quod
431 663 524 727 unius
546 661 606 728 loci
629 660 720 726 labor
740 662 869 742 elegans
891 661 1065 727 texuisset‘
1080 660 1119 744 ¹).

677 917 882 930 w

596 1160 719 1253 ceput
743 1160 957 1254 septimum.

323 1345 412 1410 Inter
433 1364 541 1411 omnes
570 1346 758 1429 quicumque
787 1352 924 1410 aetutem
954 1342 1096 1409 tulerunt
1127 1337 1317 1430 εὑρημάτων

239 1447 400 1529 catalogos
422 1457 454 1513 et
475 1450 713 1514 uetustissimus
741 1458 775 1514 et
803 1447 1036 1529 copiosissimus
1058 1448 1144 1527 apud
1167 1445 1201 1510 Ο.
1226 1445 1317 1511 Pli-

239 1552 347 1614 nium
372 1551 601 1616 Secundum
624 1551 749 1632 legitur.
793 1549 891 1614 Cuius
913 1548 1036 1629 singula
1058 1547 1247 1614 heuremete
1263 1566 1315 1614 nc·

240 1660 350 1717 curete
377 1652 557 1718 examinare
587 1658 684 1734 utque
714 1651 874 1717 illustrare
903 1651 1122 1732 supersedebo,
1154 1670 1193 1716 ne
1216 1652 1316 1717 libelli

238 1756 298 1820 mei
322 1753 419 1819 moles
442 1755 534 1820 nimis
558 1760 744 1822 crescet-
775 1772 837 1818 nou
860 1771 993 1835 paruum
1021 1763 1128 1819 eutem
1153 1773 1316 1821 numerum

238 1876 345 1923 eorum
368 1875 466 1938 supra
495 1858 615 1938 passim
646 1859 708 1922 ium
739 1857 875 1922 tractaui
901 1891 949 1920 —.
993 1855 1041 1920 De
1070 1853 1211 1922 fontibus
1241 1876 1317 1923 uero

238 1959 376 2040 catalogi
398 1958 474 2024 licet
488 1958 688 2025 Eichholtzio
701 1961 732 2040 ²)
755 1959 787 2024 iu
804 1958 984 2024 uniuersum
1001 1957 1128 2038 quidem
1144 1959 1317 2040 adsentiar,

239 2071 345 2126 tomen
367 2061 569 2144 quaestiones
599 2080 686 2127 meus
707 2067 877 2143 propterea
899 2079 961 2125 non
982 2060 1175 2124 omittendus
1197 2063 1314 2143 censui,

239 2165 324 2245 quod
347 2169 380 2229 et
402 2163 497 2228 aliam
522 2164 682 2245 ingressus
704 2181 774 2228 sum
798 2163 882 2228 uiam
904 2169 937 2228 et
959 2163 989 2227 in
1007 2162 1230 2228 minutioribus
1246 2165 1315 2246 qui-

240 2265 375 2332 busdam
399 2265 493 2331 rebus
521 2268 564 2332 cd
586 2265 751 2331 certiorem
774 2263 867 2330 finem
890 2265 1071 2346 peruenisse
1094 2265 1170 2330 mibi
1193 2267 1315 2331 uideor.

238 2489 422 2562 indicauerit,
454 2489 486 2547 in
517 2490 600 2550 fonte
622 2489 799 2551 cassiodorii
830 2488 919 2548 etiem
947 2494 1046 2548 cetere
1076 2497 1128 2551 eut
1157 2497 1236 2551 certe
1259 2491 1318 2549 alie

240 2575 406 2635 Palamedis
427 2576 551 2634 inuento
572 2583 690 2636 narratu
711 2575 802 2635 fuisse
825 2593 938 2634 mecum
961 2575 1097 2634 coniciet.

328 2659 356 2736 1)
387 2661 432 2720 Of.
454 2661 561 2719 Isidor.
585 2662 657 2737 orig.
681 2661 724 2719 VI
751 2666 796 2734 10,
824 2667 837 2719 1
863 2661 1048 2733 „chartarum
1070 2681 1155 2720 usum
1187 2661 1315 2737 primum

239 2749 396 2824 Aegyptus
430 2747 628 2824 ministrasit,
660 2756 796 2824 coeptum
831 2746 909 2822 opud
948 2747 1168 2821 Memphiticum
1202 2749 1314 2806 urbem.

240 2831 389 2907 Memphis
411 2833 489 2889 enim
513 2832 619 2892 ciuitas
640 2839 686 2892 est
708 2832 933 2910 Aegyptiorum,
955 2832 1005 2888 ubi
1029 2834 1147 2892 chartae
1169 2852 1239 2892 usus
1255 2833 1315 2908 pri·

240 2937 319 2976 mum
341 2917 482 2976 iuuentus
497 2922 571 2977 est.“
593 2919 751 2978 Praeterea
765 2917 843 2993 apud
858 2916 1073 2976 Cassiodorium
1096 2927 1232 2978 narretur
1247 2926 1315 2978 aute

239 3005 370 3061 chartam
393 3022 450 3062 usu
481 3008 630 3079 receptum
660 3003 906 3063 adscribendum
936 3002 1086 3063 adhibitus
1115 3022 1178 3064 esse
1201 3004 1315 3063 arboris

241 3095 351 3160 cortex,
375 3089 410 3146 de
433 3107 492 3166 quo
514 3108 622 3147 nomen
645 3088 713 3146 libri
736 3087 928 3146 deriunndnm
951 3087 1006 3146 sit:
1036 3089 1065 3146 id
1094 3089 1173 3168 quod
1204 3089 1315 3165 optime

241 3174 365 3253 quadrat
387 3175 422 3232 sd
444 3173 557 3232 fontem
580 3173 808 3233 heuremeticum
832 3172 881 3250 (cf.
905 3192 993 3248 supra
1014 3193 1043 3249 p.
1059 3177 1122 3248 91).
1165 3173 1221 3233 Sed
1245 3195 1315 3234 oon·

240 3260 312 3318 cedo
334 3258 366 3316 in
389 3259 522 3336 epistole,
545 3278 604 3339 qus
626 3252 686 3336 εὕρ.
710 3259 887 3330 continetur,
909 3258 1004 3317 fusius
1026 3260 1062 3319 de
1078 3261 1196 3320 churtse
1211 3270 1317 3320 nature

241 3345 420 3419 disputatum
451 3363 523 3416 esse,
554 3344 598 3403 itu
618 3353 652 3403 ut
674 3336 735 3422 εὕρ.
760 3363 777 3402 e
799 3343 905 3404 ueteris
927 3345 1058 3404 inuentis
1080 3346 1246 3405 seiunctum
1277 3347 1313 3405 ed

241 3429 330 3488 ulium
352 3430 480 3509 aliquem
502 3429 614 3488 fontem
638 3432 768 3488 reuocari
792 3429 892 3505 possit,
916 3431 1089 3505 praesertim
1111 3451 1177 3490 cum
1201 3439 1314 3510 etymo·

239 3515 320 3590 logis
348 3514 400 3573 illu
427 3515 458 3572 in
492 3514 581 3573 simili
611 3534 726 3575 conexu
756 3516 879 3576 iteretur
906 3515 942 3573 de
972 3522 1025 3574 ert.
1057 3536 1091 3576 uc
1120 3517 1190 3576 diso.
1222 3519 1315 3593 praef.

240 3621 270 3677 p.
295 3597 387 3674 528b;
410 3605 508 3659 tumen
531 3601 726 3661 necessarium
749 3606 884 3660 nonest

326 3684 357 3764 2)
386 3685 591 3746 Eichholtzius
620 3706 649 3762 p.
676 3690 799 3745 14-24
822 3687 858 3744 de
881 3684 970 3744 Plinii
994 3685 1127 3761 catologo
1158 3688 1315 3764 disseruit3

241 3791 269 3848 p.
295 3775 333 3831 16
356 3770 526 3832 ednotsuit:
559 3772 704 3846 „Bruunii
734 3771 971 3832 dissertationem
1003 3772 1038 3831 de
1067 3773 1200 3834 lontibus
1223 3776 1316 3835 Plinii

242 3877 302 3919 non
323 3857 413 3918 uidi“.
1258 3884 1261 3888 “
