2782 4642
554 350 765 415 -33-

117 540 192 587 raro
215 522 305 602 origo
327 522 375 587 rei
397 522 531 587 alieuius
553 541 590 587 ao
612 522 729 603 patria,
751 523 837 588 unde
852 522 987 603 primum
1004 522 1197 603 prouenerit,

116 624 285 706 gentilicio
308 624 420 690 addito
442 624 576 690 indicari
599 624 689 704 solet,
712 625 743 689 id
760 626 844 706 quod
867 644 928 690 non
943 625 1104 705 ignorauit
1118 624 1196 690 Poll.

120 725 181 791 v11
204 726 255 793 88.
299 729 414 807 Itaque
428 726 515 805 locis,
536 743 615 806 quos
631 728 724 792 modo
738 727 878 805 laudaui,
901 727 988 792 nisus
1003 727 1197 793 heuremati-

115 848 176 895 eus
196 830 325 910 quidam
356 848 375 893 a
397 828 572 895 Thracibus
595 825 716 915 πέλτην
745 847 814 894 esse
845 829 1005 894 inuentam
1028 828 1198 896 adfirmare

117 932 235 1014 potuit.
279 932 397 996 Tamen
421 932 605 996 memoriam
629 939 753 997 mutare
775 931 928 997 audacius
950 938 1011 997 est.
1034 968 1076 977 —

205 1035 224 1117 §
247 1033 286 1099 21
310 1064 354 1086 =
376 1034 446 1099 Tat.
469 1035 488 1115 §
513 1034 561 1099 11.
1120 1119 1122 1123 Ι

206 1137 289 1220 §22
320 1129 500 1218 ,Ἰταλόν
521 1158 556 1199 τε
578 1173 620 1183 -
650 1132 803 1222 Σαυνίτης
825 1125 919 1213 οὗτος
940 1126 978 1224 ἦν
1002 1173 1043 1182 -
1065 1139 1198 1222 πρῶτον

115 1238 239 1325 θυρεὸν
260 1235 531 1304 κατασκευάσαι.“
553 1239 657 1305 Test:
681 1240 796 1306 Athen.
812 1241 857 1305 VI
879 1238 998 1322 11273ῐ
1015 1241 1199 1326 „(Romani)

119 1341 212 1428 παρὰ
229 1345 392 1406 Σαυνιτῶν
416 1337 544 1424 ἔμαθον
557 1343 677 1427 θυρεοῦ
696 1343 830 1428 χρῆσιν“
852 1342 890 1409 cf.
906 1342 981 1408 Sall.
997 1343 1068 1408 cat.
1082 1342 1134 1422 51,
1146 1344 1197 1410 38.

120 1446 236 1512 Itani
261 1464 346 1525 uero,
369 1463 450 1525 quae
473 1445 607 1510 nominis
629 1443 731 1509 forma
754 1447 822 1509 cod.
844 1445 1021 1524 exhibetur,
1045 1445 1199 1512 Samnitis

120 1565 276 1630 nusquam
307 1546 345 1612 fit
374 1547 492 1612 mentio
524 1541 662 1625 (Ἴτανος
701 1575 745 1599 =
774 1547 925 1628 oppidum
959 1547 1134 1632 Cretense),
1166 1553 1200 1614 et

119 1668 302 1731 quanquam
332 1652 473 1729 ignotam
503 1651 661 1729 quandam
693 1650 874 1713 memoriam
905 1648 1042 1715 fortasse
1064 1649 1200 1715 indicari

122 1751 324 1818 infitiandum
356 1772 415 1816 non
439 1759 496 1831 est,
525 1760 630 1816 tamen
661 1751 770 1816 lioebit
792 1753 832 1817 de
854 1753 1037 1834 corruptela
1059 1753 1199 1834 cogitare

122 1862 156 1920 et
185 1854 348 1919 lenissima
379 1855 622 1920 commutatione
647 1846 775 1917 Ἴτανον
803 1855 834 1918 in
860 1855 1056 1920 notissimum
1087 1874 1198 1920 nomen

119 1958 277 2023 Italorum
310 1957 454 2038 eponymi
485 1957 659 2036 corrigere,
689 1958 719 2019 id
752 1958 834 2036 quod
868 1956 946 2021 mihi
978 1958 1199 2039 suppeditauit

122 2059 391 2126 Wachsmuthius.
436 2056 591 2122 Dindorfii
614 2059 740 2139 quidem
764 2060 960 2137 coniectura,
990 2078 1085 2141 quam
1108 2066 1199 2124 uetu-

105 2163 275 2228 stioribus
290 2161 465 2226 editoribus
481 2161 598 2240 debuit,
613 2162 699 2225 omni
714 2168 802 2227 earet
816 2161 1039 2241 fundameut03
1056 2163 1201 2227 Tritanni
1255 2202 1274 2247 l,

116 2266 205 2330 onim
218 2282 339 2343 nomen,
355 2265 439 2345 quod
453 2262 660 2328 Samniticum
672 2262 771 2329 fuisse
785 2265 938 2329 Varronis
950 2264 1048 2347 (unde
1060 2266 1201 2347 pendent
1276 2250 1279 2255 ’

122 2368 244 2434 Plinius
259 2373 292 2431 et
315 2367 462 2448 Solinus)
477 2368 508 2450 1)
531 2368 711 2431 testimonio
732 2367 897 2448 probatur,
919 2368 1083 2432 intrudere
1098 2366 1149 2430 uel
1163 2385 1200 2431 eo
1319 2356 1330 2429 ,ἶ

120 2479 284 2552 metamur,
299 2470 382 2550 quod
399 2468 600 2550 alphabetico
611 2469 725 2535 indieis
740 2469 842 2534 ordini
859 2487 970 2534 nornen
986 2473 1201 2549 repugnat-
1321 2492 1325 2501 ·

208 2575 228 2658 ξ
250 2574 291 2639 23
323 2567 484 2655 ,Κάδμος
513 2570 574 2656 γὰρ
604 2566 621 2636 ὃ
649 2571 766 2651 Φοῖνιξ
788 2567 985 2654 λιθοτομίαν
1008 2569 1116 2655 ἐξεῦρε
1139 2620 1146 2634 .
1171 2571 1200 2635 .“

119 2680 212 2744 Idem
234 2695 285 2758 ap.
310 2675 390 2740 Plin.
413 2694 443 2740 n.
458 2676 488 2739 h.
505 2675 567 2740 VlI
592 2677 661 2741 195.
684 2710 726 2721 -
747 2675 966 2741 Eiehholtzius
989 2694 1020 2756 p.
1041 2675 1063 2740 b
1085 2674 1117 2736 in
1139 2665 1200 2756 γάρ

121 2779 283 2864 particula
304 2777 447 2845 offendit.
491 2779 534 2842 At
549 2777 674 2843 iniuria.
718 2778 861 2844 Clemens
884 2777 967 2842 enim
990 2797 1010 2842 a
1032 2778 1201 2840 cousuetu-

119 2884 197 2949 dine
220 2881 374 2946 sermonis
398 2881 498 2945 Attici
529 2881 652 2946 alienus
681 2882 712 2945 in
743 2881 927 2945 narratione
949 2880 1146 2958 maximeque
1168 2876 1199 2940 in

122 2985 347 3051 enumerandis
369 2983 504 3063 singulis
519 2984 614 3049 rebus
629 2978 690 3069 γάρ
704 2983 895 3065 particulam
912 2983 1064 3048 adhibere
1079 2977 1159 3045 solet
1170 2979 1202 3062 2)

118 3089 234 3155 eodem
256 3086 322 3152 iere
344 3105 449 3166 sensu,
472 3104 533 3167 quo
556 3083 594 3150 δέ
614 3085 814 3168 particulam.
853 3084 1004 3151 conferas
1019 3100 1136 3164 quaeso
1151 3084 1200 3148 ed.

122 3189 268 3256 Dindorf.
284 3191 300 3254 I
315 3210 346 3272 p.
357 3190 410 3270 44,
424 3191 461 3269 4;
478 3190 529 3269 51,
545 3188 581 3269 93
597 3189 648 3268 70,
663 3190 702 3268 5;
720 3190 770 3270 72,
782 3189 819 3270 53
843 3188 875 3251 Il
890 3207 920 3269 p.
932 3187 984 3268 56,
1000 3188 1057 3265 24;
1074 3186 1125 3267 67,
1143 3186 1200 3266 10;

124 3293 197 3375 106,
211 3297 250 3373 4;
275 3293 399 3372 109,1;
423 3293 495 3374 110,
510 3293 569 3370 22;
591 3293 663 3371 229,
680 3291 808 3373 5;387,
825 3290 1125 3372 10.21;111p.40,
1143 3289 1200 3368 12;

122 3489 231 3543 Artax.
259 3490 313 3557 10;
345 3486 411 3548 Ael.
433 3492 495 3547 nat.
518 3504 565 3545 an.
587 3484 653 3543 XII
676 3489 731 3557 303
762 3483 860 3542 Sohol.
884 3483 977 3542 Thuo.
999 3483 1016 3540 I
1040 3487 1076 3555 83
1101 3480 1201 3539 Sahol.

125 3569 440 3731 Hom·l)(9Dss9{·ucssii
463 3661 560 3714 autem
583 3654 647 3714 loeo
671 3655 707 3714 of.
725 3654 872 3713 Marxium
890 3648 982 3715 Βανά.
997 3650 1100 3714 Lucil.
1119 3655 1200 3710 1882

122 3761 152 3817 P·
178 3747 244 3904 692)
274 3826 372 3884 Hiller
392 3823 503 3888 Herm.
526 3825 603 3882 XXI
626 3845 656 3901 p.
674 3829 731 3883 131
757 3846 787 3884 n.
813 3832 832 3883 4
861 3825 917 3882 hoo
946 3823 1108 3882 rectissime
1138 3823 1203 3881 ani-

123 3913 293 3985 maduertit,
316 3912 453 3986 exempla
475 3916 573 3970 autam
597 3913 713 3970 adferre
736 3909 909 3986 supersedit.

1004 4016 1022 4070 3
