2782 4642
555 349 768 413 ..57-

123 518 238 599 Itaque
269 517 297 585 si
321 518 371 583 his
399 516 558 599 scrupulis
587 517 721 583 abiectis
743 518 783 601 ἓξ
805 517 934 584 63-65
957 522 983 581 Α
1006 516 1087 583 fonti
1109 518 1205 584 attri-

124 621 304 702 buerimus,
334 620 512 688 necessario
540 620 761 703 conligendum
792 621 855 686 erit
886 620 1098 688 enchiridium
1129 628 1203 701 post

124 722 282 790 Hadriani
304 726 430 789 demum
453 728 593 789 aetatem
615 724 829 805 conscriptum
860 741 929 790 esse
953 729 986 789 et
1006 726 1134 807 praeter
1156 742 1204 803 ca,

125 845 205 909 quae
227 845 266 891 ex
287 830 440 908 quattuor
462 825 526 890 illis
549 826 772 892 heurematicis
794 831 944 908 excerpta
972 831 1073 906 eraut,
1107 826 1203 891 etiam

125 929 346 994 additamenta
367 930 406 994 ex
426 927 498 993 aliis
520 927 710 1008 quibusdam
733 928 916 995 auctoribus
946 929 1083 1010 repetita
1111 947 1203 1009 prae·

125 1031 240 1098 buisse.
293 1033 337 1096 At
364 1049 583 1114 quaecumque
613 1033 654 1096 de
690 1030 778 1096 fonte
809 1032 847 1115 ἓξ
875 1029 919 1096 50
933 1048 979 1112 sq.
1013 1036 1047 1095 et
1075 1031 1205 1098 63-67

126 1134 272 1216 disserui,
294 1133 506 1200 incertissima
528 1140 611 1199 sunt.

212 1235 276 1302 Sed
298 1239 373 1300 utut
394 1254 446 1302 res
461 1254 497 1301 se
512 1236 620 1317 habet,
643 1237 758 1302 ceteris
773 1255 855 1317 quae
870 1242 1040 1301 narrantur
1062 1236 1101 1319 ξς
1116 1242 1208 1302 certa

126 1338 232 1419 capita
254 1335 445 1405 efficiuntur.
488 1339 535 1405 Ac
557 1339 659 1420 primo
681 1338 808 1419 quidem
831 1339 945 1405 obtutu
968 1339 1073 1404 elucet
1093 1339 1205 1405 heure-

125 1449 213 1506 mata
242 1441 281 1524 ἕξ
303 1441 440 1522 52-62,
471 1447 507 1506 ut
526 1460 607 1522 quae
630 1449 763 1507 cunctae
791 1444 833 1507 ad
862 1447 964 1507 artem
987 1441 1143 1524 poeticam
1172 1446 1209 1507 et

126 1543 280 1610 musicam
302 1550 460 1626 spectent,
488 1545 572 1609 inter
594 1563 629 1609 se
656 1562 726 1609 esse
748 1546 949 1609 conectenda.
994 1545 1084 1623 Quod
1108 1551 1206 1626 caput

127 1650 258 1729 propter
280 1647 459 1728 argumenti
482 1647 723 1713 similitudinem
746 1665 815 1712 curn
832 1647 857 1713 (l
872 1647 1056 1730 corpusculo
1078 1647 1206 1712 coniun-

126 1767 200 1830 gere
212 1748 317 1831 uelim,
332 1749 523 1830 praesertim
535 1766 606 1814 cnm
620 1750 777 1833 Anonymi
789 1757 938 1831 excerpto
949 1767 1045 1832 supra
1056 1748 1206 1814 adClem.

127 1853 145 1936 ξ
162 1851 205 1916 34
219 1853 339 1930 adlato,
361 1853 445 1935 quod
463 1851 487 1917 (l
503 1852 689 1934 corpusculo
705 1851 900 1917 simillimum
916 1859 975 1933 est,
998 1853 1094 1916 etiam
1111 1851 1206 1917 huius

127 1953 244 2037 capitis
265 1954 418 2020 heurema
439 1972 536 2018 unum
559 1954 674 2019 saltem
698 1993 739 2002 -
763 1955 834 2020 dico
850 1955 869 2037 ξ
883 1954 926 2020 54
941 1992 982 2002 —
998 1955 1208 2019 contineatur.

211 2057 357 2138 Denique
380 2058 418 2140 ξς
440 2056 482 2122 68
504 2060 537 2121 et
559 2057 600 2122 69
616 2075 672 2139 sq,
702 2075 784 2138 qnae
807 2062 940 2137 restant,
970 2056 997 2122 si
1020 2057 1091 2137 quis
1114 2057 1156 2121 ad
1179 2056 1205 2120 B

127 2157 244 2225 fontem
259 2159 425 2242 relegabit,
448 2159 595 2242 equidem
609 2177 669 2224 non
686 2159 897 2241 impugnabo;
919 2159 1057 2225 feminae
1078 2160 1207 2243 quidem

127 2262 318 2328 inuentrices
340 2262 474 2344 §eosq
497 2280 559 2325 non
580 2263 688 2343 inepte
711 2262 941 2345 coniungentur
963 2282 1034 2329 cum
1058 2263 1209 2346 §came

126 2373 223 2448 atque
256 2364 317 2430 boc
339 2370 425 2430 certe
446 2370 584 2447 apparet
605 2365 624 2447 ς
647 2363 688 2429 69
698 2382 744 2445 sq.
768 2383 807 2429 ex
829 2365 892 2429 alio
917 2365 1003 2432 fonte
1027 2366 1207 2432 manauisse

129 2473 223 2550 atque
245 2469 284 2551 §d
307 2466 452 2534 52-62:
483 2467 622 2547 alioquin
645 2467 663 2549 ξ
686 2467 728 2531 69
750 2468 961 2549 (hexameter)
991 2471 1207 2550 componenda

130 2575 200 2636 erat
222 2589 294 2637 curn
316 2568 392 2653 §59
407 2588 454 2651 aq.
476 2570 561 2650 (cum
584 2571 713 2653 iambo).
757 2570 848 2649 Quod
871 2577 978 2636 autem
1002 2572 1044 2635 ad
1067 2570 1142 2652 §68
1158 2576 1208 2635 at-

128 2672 218 2752 tinet,
242 2671 388 2739 Clemens
409 2670 546 2738 fortasse
561 2671 729 2737 Zaleucum
746 2680 779 2736 et
800 2672 937 2738 Minoem
961 2671 1044 2738 solos
1066 2672 1099 2736 in
1122 2671 1207 2737 loute

129 2773 345 2841 heurematico
360 2812 402 2822 —
424 2774 451 2840 si
466 2775 593 2855 quidem
610 2795 648 2840 cn
663 2776 817 2841 eiusmodi
833 2775 915 2840 libro
930 2775 1013 2840 hauc
1028 2773 1207 2839 narratiun-

132 2878 232 2943 culam
248 2877 403 2943 delibauit
420 2913 460 2922 -
477 2878 632 2958 primos
655 2878 881 2962 legumlatores
896 2879 1075 2942 nominatos
1094 2894 1207 2959 reppe-

129 2978 179 3063 rit,
202 2986 325 3045 ceteros
340 2998 416 3045 uero
431 2985 497 3046 tres
512 2999 530 3044 e
545 2998 604 3046 sua
619 2982 797 3061 cognitione
813 2981 976 3045 addidisse
992 2980 1128 3058 uidetur,
1144 2996 1210 3059 quo

130 3082 247 3148 certius
268 3081 402 3162 fulciret,
424 3083 508 3163 quod
533 3084 814 3148 demonstrandum
838 3082 899 3147 sibi
922 3088 1143 3163 proposuerat.

214 3184 353 3250 Prolatis
374 3203 456 3267 quae
472 3187 512 3248 de
527 3186 648 3268 origine
668 3185 860 3250 narrationis
876 3183 1090 3249 clementinae
1112 3183 1208 3249 iutel-

130 3288 234 3373 legere
264 3295 431 3370 potueram
461 3290 598 3354 concedo
628 3307 688 3353 non
711 3288 813 3353 solum
837 3287 862 3353 0
890 3288 1121 3370 corpusculum,
1151 3288 1208 3353 sed

130 3393 225 3456 etiam
248 3395 355 3456 cetera
376 3390 510 3456 alterius
532 3390 670 3472 catalogi
699 3391 829 3455 inuenta
851 3410 889 3454 ex
917 3389 990 3455 aliis
1013 3389 1209 3473 quibuslibet

129 3492 220 3560 libris
241 3492 384 3574 potuisse
406 3492 539 3576 excerpi,
569 3511 749 3575 quanquam
778 3493 857 3558 mihi
887 3493 1016 3574 quidem
1039 3491 1208 3557 uerisimil-

129 3595 239 3662 limum
269 3600 317 3661 est
341 3595 535 3662 Clementem
567 3597 673 3661 omnia
703 3615 720 3661 e
750 3597 852 3661 tribus
882 3596 1064 3662 enchiridiis
1093 3593 1208 3658 heure·
1253 3628 1260 3645 =

129 3697 254 3764 maticis
276 3700 473 3782 congessisse
494 3702 623 3781 praeter
645 3717 749 3780 pauca
770 3699 927 3781 quaedam
950 3696 1094 3774 fortusse,
1126 3712 1208 3779 quaa

130 3819 167 3867 ex
199 3801 271 3867 aliis
304 3801 514 3867 conlectaneis
547 3801 709 3866 adiecerit.
762 3801 860 3883 Spero
897 3805 1002 3866 autem
1033 3797 1208 3864 doctiorem

129 3904 244 3986 uirum,
259 3905 387 3988 quinon
402 3906 495 3969 modo
506 3905 546 3969 de
561 3902 703 3983 reliquiis
718 3903 898 3968 studiorum
914 3899 1211 3978 heurcmaticorum,
