2782 4642
647 215 651 225 ¹
698 175 712 210 0

595 332 807 398 -42-

155 502 274 566 artium
290 501 452 568 uenalium
474 503 684 584 peritissimos
705 501 802 569 fuisse
831 503 913 569 inter
934 522 1042 569 omnes
1064 503 1236 587 scriptores

155 611 300 685 constat3
332 606 519 670 heuremata
541 622 666 685 quoquo
690 605 817 671 naualia
843 606 889 671 eis
911 606 1097 672 adscribunt
1116 608 1234 673 Herod.

153 708 217 773 VH
239 708 297 787 993
327 707 419 773 Diod.
442 707 472 772 V
494 707 551 787 203
575 707 679 773 Strab.
703 706 781 773 XVI
803 709 832 789 2,
856 709 914 789 243
947 709 964 773 1
986 711 1015 787 l,
1039 709 1075 790 63
1100 709 1183 774 Plin.
1204 729 1234 774 n.

156 811 187 877 n.
209 811 239 876 v
261 809 319 890 em
342 809 404 874 vu
426 809 508 889 rom
531 809 645 884 Athen.
668 809 712 876 tu
734 829 764 892 p.
788 811 878 877 νων.
900 847 942 857 -

242 914 325 995 §46
340 931 387 995 sq.
411 907 564 991 ,,Σικελοί
585 934 621 975 τε
643 906 673 977 αλ
697 910 783 997 πρὸς
805 916 846 1000 τῇ
864 905 987 1000 Ἰταλία
1002 914 1131 1001 πρῶτον
1153 910 1235 1001 φόρ-

154 1036 257 1099 μιγγα
279 1004 371 1102 εὗρον
394 1007 431 1079 οὗ
454 1012 540 1078 πολὺ
561 1017 619 1101 τῆς
640 1010 785 1099 κιθάρας
800 1013 996 1100 λειπομένην
1015 1014 1073 1080 καλ
1088 1012 1233 1102 κρόταλα

126 1191 128 1195 ,
156 1113 369 1204 ἐπενόησαν.“
413 1117 606 1183 Testimonia
629 1136 691 1183 non
713 1120 847 1200 repperi.
862 1156 904 1165 -

243 1222 261 1303 ξ
288 1222 332 1287 48
368 1215 447 1302 „erni
476 1243 510 1284 τε
542 1216 752 1305 Σεμιράμεως
780 1216 952 1302 βασιλίδος
977 1213 1163 1308 Ἀσσυρίων
1193 1220 1234 1287 ταὶ

153 1319 292 1406 βύσσινα
330 1319 445 1408 ἱμάτια
480 1319 639 1409 εὑρῆσθαι
681 1318 897 1409 λστσροῦσιν.“
951 1317 1137 1408 Ἀσσυρίων
1174 1342 1235 1407 pro

155 1421 362 1510 Αἰγυπτίων,
378 1428 463 1508 quod
479 1427 630 1508 traditur,
646 1427 754 1506 inepto
770 1427 894 1491 nomine
909 1425 1046 1507 Vigerus
1061 1428 1102 1492 ad
1117 1426 1234 1492 Euseb.

155 1549 186 1610 p.
209 1529 273 1596 476
294 1531 357 1594 iam
381 1529 564 1593 emendauit
586 1547 625 1594 ex
645 1527 784 1594 Eusebio
807 1546 863 1593 neo
887 1529 989 1606 uideo,
1019 1547 1076 1594 our
1098 1529 1235 1594 Dindor·

154 1629 216 1696 fius
239 1632 490 1697 emendationem
513 1632 680 1712 respuerit
718 1631 850 1712 Antiqui
872 1631 948 1713 quid
963 1626 1089 1714 βύσσου
1107 1631 1234 1697 nomine

157 1732 417 1815 signifioaneriut,
445 1733 691 1799 incertissimum
722 1739 781 1816 est,
813 1741 846 1799 et
877 1742 914 1799 ut
946 1735 993 1800 illi
1016 1734 1160 1801 diuersas
1183 1753 1234 1799 res

154 1836 376 1918 confuderunt,
398 1836 448 1900 ita
470 1845 598 1902 nostrae
621 1837 739 1902 aetatis
762 1837 823 1901 uiri
846 1837 931 1902 docti
953 1839 994 1901 de
1016 1837 1076 1903 hae
1093 1856 1128 1902 re
1150 1839 1235 1902 inter

157 1956 192 2003 se
214 1939 404 2020 discrepant
448 1940 615 2004 Inuentum
640 1944 757 2019 autem,
788 1941 875 2021 quod
907 1940 1098 2005 testimoniis
1122 1938 1234 2004 confir-

155 2061 243 2106 mare
264 2041 383 2106 frustra
405 2042 524 2122 studui,
555 2043 660 2108 nescio
691 2063 730 2108 an
764 2045 805 2107 ad
826 2042 913 2107 iilam
937 2041 1076 2107 fabulam
1100 2049 1234 2123 spectet,

153 2163 220 2227 qua
250 2143 433 2209 Semiramis
472 2145 701 2224 excogitauisse
740 2144 843 2209 fertur
875 2143 1037 2209 Persicum
1069 2146 1233 2225 uestitum,

152 2248 274 2330 quippe
296 2264 359 2330 qno
381 2265 490 2313 sexum
514 2247 714 2314 dissimulare
736 2247 848 2312 uellet:
880 2247 972 2311 Diod.
994 2246 1089 2327 1163
1121 2247 1234 2313 lustin.

156 2351 225 2430 12,
247 2351 283 2429 33
315 2350 348 2414 id
371 2351 455 2430 quod
478 2350 574 2416 simili
597 2351 689 2415 modo
713 2351 752 2416 de
774 2351 891 2414 Atossa
913 2355 945 2413 et
968 2350 1008 2413 de
1031 2349 1144 2415 Medea
1166 2359 1234 2414 tra·

154 2452 246 2517 ditur
268 2451 306 2518 of.
330 2471 429 2536 supra
449 2474 481 2536 p.
505 2456 547 2521 15
569 2473 638 2520 eum
661 2454 734 2519 adn.
759 2456 785 2518 1.
808 2489 849 2498 -

241 2555 260 2636 ἕ
281 2557 324 2622 49
347 2553 423 2635 ,μαὶ
446 2551 579 2641 πρώτην
608 2553 788 2632 ἐπιστολὰς
811 2550 966 2634 συντάξαι
979 2549 1152 2618 ’Ἀτσσσαν
1174 2551 1232 2641 τὴν

155 2660 295 2743 Περσῶν
315 2654 558 2741 βασιλεύσασαν
580 2678 678 2742 φησιν
693 2654 898 2735 ‘Etiamnum‘
919 2691 962 2712 =
983 2660 1054 2724 Tar.
1078 2659 1096 2736 ἓ
1120 2659 1171 2721 17.
1186 2693 1230 2704 -

242 2827 382 2910 Singulis
404 2830 611 2910 pertractatis
634 2847 789 2894 summam
805 2828 1028 2895 subducamus.
1062 2826 1233 2894 Clementi-

156 2949 268 2995 norum
291 2925 477 3016 εὑρημάτων
498 2932 598 2996 maior
627 2949 704 3014 pars
734 2931 925 2997 testimoniis
956 2931 1136 2996 litterarum
1159 2949 1232 3013 oon·

153 3032 356 3117 firmaturl),
384 3042 458 3100 sunt
488 3042 595 3100 autem
618 3033 775 3113 nonnulla,
804 3052 936 3116 qnorum
968 3053 1122 3116 nusquam
1145 3034 1234 3112 apud

245 3209 275 3282 l)
300 3208 336 3266 Id
359 3206 479 3287 quidem
501 3226 560 3265 non
584 3227 663 3279 euro,
688 3227 759 3264 num
782 3207 853 3287 quid
875 3208 999 3265 fortasse
1021 3206 1085 3263 ueri
1101 3204 1234 3279 singulis

155 3292 336 3352 heurematis
363 3293 445 3364 insit,
474 3294 525 3351 sed
555 3294 613 3352 hoo
640 3301 755 3352 tantum
786 3299 896 3369 specto,
918 3297 952 3350 ut
974 3309 1049 3370 quae
1072 3291 1235 3366 deperditis

154 3378 423 3437 heurematioorum
454 3378 539 3437 libris
561 3378 743 3438 restituenda
774 3378 835 3437 sint
855 3377 1040 3453 perspiciam.
1085 3375 1234 3438 Quoniam

94 3510 101 3526 .
155 3469 255 3523 autem
278 3469 393 3523 onustat
415 3464 619 3524 heurematum
640 3464 782 3542 pleraque
803 3463 853 3522 uel
876 3481 914 3520 ex
928 3472 1092 3540 poetarum,
1113 3462 1234 3539 mytho·

156 3550 346 3624 graphorum,
361 3550 692 3625 paradoxographorum
707 3548 856 3623 figmentis
871 3548 977 3606 hausta
990 3548 1041 3605 uel
1056 3566 1095 3605 ex
1110 3547 1234 3606 rationi-

155 3635 211 3693 bus
242 3643 343 3711 aperte
372 3633 456 3693 falsis
485 3643 555 3694 nata
584 3653 656 3706 esse,
683 3634 811 3710 primum
842 3634 878 3691 de
908 3652 1009 3691 eorum
1030 3633 1089 3691 fide
1112 3632 1233 3691 omnino

155 3720 373 3791 dubitabimus;
395 3739 471 3799 quae
492 3719 642 3780 historicis
664 3721 817 3791 debentur,
839 3719 1011 3778 heuremete
1030 3737 1096 3777 eum
1118 3719 1151 3776 in
1167 3718 1234 3775 uni-

155 3824 274 3864 uersum
296 3805 427 3865 melioris
449 3814 536 3867 notae
559 3805 627 3878 sint,
649 3811 748 3865 tamen
764 3806 800 3863 de
814 3822 994 3883 unoquoque
1009 3824 1063 3881 pro
1086 3803 1187 3861 indole
1204 3808 1235 3861 et

153 3891 309 3967 scriptoris
324 3900 355 3952 et
368 3891 428 3951 looi
443 3890 576 3970 quaestio
599 3890 781 3950 instituenda
796 3895 849 3963 eet,
872 3889 902 3946 id
918 3891 997 3968 quod
1011 3889 1078 3948 aliis
1093 3888 1235 3949 oonoedo.
