2782 4642
23 877 111 957 dri,

630 375 864 450 -108-

715 554 773 633 dl

296 657 427 722 Initium
440 656 594 723 iaciamus
609 657 649 723 ab
666 657 713 722 eis
724 655 887 740 catalogis,
903 656 1002 740 quiin
1021 652 1170 722 Ολνοκίοί
1181 654 1287 719 cuins·

210 760 282 824 dam
313 759 480 841 Byzantini
511 759 721 824 narrationem
755 759 866 824 inserti
898 760 939 824 ad
970 763 1110 823 nostram
1145 763 1286 822 aetatem

144 922 179 960 ,Ι
209 868 461 944 permanserunt.
506 861 660 927 Similiter
682 861 763 926 enim
787 866 884 942 atque
899 859 1084 937 christiani,
1107 861 1148 923 de
1171 859 1287 942 quibus

16 952 307 1066 ,fv-„susum
328 966 388 1045 egi,
410 965 535 1031 maculo
558 983 639 1030 nono
662 963 870 1046 Georgius
901 962 1129 1029 Monachus
1159 979 1184 1026 s.
1207 961 1287 1026 Ha-

16 1122 68 1188 441

210 1086 239 1133 m
249 1085 269 1132 a
279 1066 415 1133 rtolus
436 1069 477 1132 ad
494 1067 659 1133 historiam
675 1069 874 1134 inuentornm
891 1066 1042 1149 confugit,
1058 1066 1142 1131 unde
1157 1072 1286 1130 senten-

209 1169 265 1237 tiis
286 1188 366 1254 quas
387 1171 494 1254 posuit
523 1177 711 1251 argumenta
740 1176 947 1252 compararet.
991 1169 1035 1233 Et
1057 1169 1195 1251 primum
1218 1167 1287 1250 qui·

210 1275 281 1338 dem
304 1274 336 1339 in
359 1274 507 1353 diatriba,
531 1292 593 1356 qua
609 1273 779 1339 multorum
801 1278 834 1338 et
848 1271 999 1338 falsorum
1016 1273 1146 1338 deornm
1163 1271 1286 1337 cultum

209 1377 341 1459 impium
374 1377 609 1458 absurdumque
639 1375 804 1443 confutare
831 1377 955 1456 studet,
987 1375 1067 1442 haec
1097 1375 1288 1442 heuremata

208 1479 350 1561 profert:

295 1581 409 1649 chron.
430 1582 461 1646 11
483 1585 513 1662 4,
538 1584 578 1650 15
599 1583 649 1648 ed.
672 1583 802 1649 Muralt.
823 1603 854 1666 p.
877 1583 921 1648 44
935 1601 982 1665 sq.

293 1685 360 1768 Ip.
377 1687 431 1767 44,
456 1686 588 1753 11—15.
635 1689 650 1750 1
671 1679 721 1750 Ἐκ
742 1684 803 1770 μὲν
825 1684 886 1772 γὰρ
910 1683 993 1762 Διὸς
1014 1682 1071 1749 τίν
1094 1683 1286 1771 παιδοφθο-

209 1785 282 1874 ρίαν
304 1787 360 1853 καί
383 1790 403 1853 2
424 1787 482 1875 τὴν
496 1785 653 1872 μοιχείαν,
677 1788 697 1853 3
719 1786 756 1854 ἐκ
772 1787 808 1852 δὲ
827 1781 1027 1874 Ἀφροδίτης
1041 1784 1099 1874 τὴν
1115 1783 1286 1872 πορνείαν·

207 1889 264 1956 καὶ
294 1894 315 1956 4
344 1888 381 1956 ἐκ
409 1889 470 1975 μὲν
486 1887 576 1967 Ῥέας
597 1887 655 1978 τήν
677 1884 856 1976 ἆσίλγειαν,
890 1893 912 1957 5
944 1889 979 1956 ἐκ
1012 1886 1192 1978 δὲ”Αρεως
1212 1888 1289 1968 τους

208 1988 336 2079 φόνους,
361 1995 380 2060 6
403 1991 439 2058 ἐκ
456 1989 617 2059 Διονύσου
638 1992 695 2082 τὴν
717 1991 925 2081 οἰνοφλυγίαν
946 1993 1002 2059 καί
1025 1992 1061 2076 ἐξ
1077 1987 1184 2058 όλλιυν
1201 1989 1286 2058 ι’ίλλα

207 2094 341 2163 τοιοῦτοί
365 2119 447 2182 φασι
471 2096 528 2185 τὴν
552 2090 649 2185 ἀρχὴν
671 2093 847 2183 εἰληφέναι.

291 2200 323 2265 11
346 2221 376 2282 p.
398 2203 450 2281 44,
474 2201 612 2266 21-27.
653 2193 758 2265 Ἀλλοί
782 2221 884 2287 φασιν
915 2195 944 2266 oi
976 2204 1015 2290 τῇ
1045 2196 1153 2287 πλάνη
1176 2200 1288 2266 dedom-

211 2397 405 2491 ἀνθρώποις
430 2403 583 2495 χρήσιμοι
613 2403 770 2490 γεγόνασι.
817 2409 834 2472 7
866 2403 947 2483 zado
976 2405 1036 2490 μὲν
1066 2403 1128 2493 γὰρ
1160 2403 1289 2490 λέγεται

209 2507 392 2596 πλαστικὴν
414 2506 525 2594 τέχνην
541 2507 751 2596 ἐξευρηκέναι,
768 2511 787 2576 8
804 2508 978 2575 Ποσειδῶν
995 2507 1031 2574 δὲ
1046 2500 1284 2597 κυβερνητικήν,

208 2613 228 2678 9
249 2607 434 2696 Ἥφαιστος
454 2611 515 2696 μὲν
541 2611 597 2698 τὴν
616 2608 835 2699 χαλκευτικήν,
866 2614 907 2678 10
930 2605 1134 2697 Ἀσκληπιὸς
1163 2610 1200 2676 δὲ
1228 2609 1285 2700 τὴν

208 2710 354 2801 ἰατρικὴν
375 2713 431 2780 καί
465 2717 501 2782 11
521 2707 699 2780 Ἀπόλλων
728 2713 785 2802 τὴν
806 2711 979 2803 μουσικήν·
1008 2714 1066 2780 καί
1099 2716 1138 2781 12
1156 2707 1287 2802 Ἀθηνᾶ

208 2815 268 2901 μὲν
291 2815 348 2904 τὴν
369 2812 553 2905 ὑφαντικὴν,
589 2820 630 2884 13
651 2811 812 2903 ’Ἀρτεμις
842 2816 879 2882 δὲ
901 2816 958 2906 τὴν
979 2813 1198 2905 κυνηγετικήν·
1229 2818 1287 2884 καί

210 2921 250 2986 14
263 2913 349 3005 Ἥρα
362 2917 422 3003 μὲν
437 2917 624 3004 στολισμόν,
651 2921 690 2986 15
707 2919 861 3009 Δημήτηρ
877 2919 914 2985 δὲ
936 2918 1091 3006 γεωργίαν
1112 2919 1169 2986 καί
1191 2916 1288 2988 ditor

207 3016 340 3099 ι’ίλλας.“

292 3125 342 3190 III
364 3145 394 3206 p.
416 3127 468 3206 44,
491 3126 606 3209 nt-p.
630 3126 682 3207 45,
704 3130 733 3193 9.
774 3119 895 3191 Οὐκοῦν
917 3123 947 3191 εί
968 3124 1024 3191 dan?
1047 3125 1106 3203 τοὶς
1128 3125 1194 3190 τόν
1216 3149 1286 3206 τεχ-

209 3229 271 3291 νῶν
293 3223 433 3314 είυρὲσεις
454 3225 554 3305 θεοὺς
575 3221 691 3306 αι’ποῦς
712 3225 807 3310 όίξιον
829 3221 1093 3315 ἀναγορεύεσθαι,
1127 3226 1202 3293 δέον
1230 3228 1288 3294 καί

207 3329 282 3408 τούς
302 3330 368 3394 τῶν
389 3324 498 3395 όίλλων
528 3330 648 3411 τεχνῶν
678 3327 807 3417 εὑρετὰς
838 3327 941 3410 οὕτως
970 3325 1195 3411 ὀνομάζεσθαι
1202 3362 1212 3412 ,·
1246 3336 1287 3400 16

208 3430 385 3520 γράμματα
406 3431 548 3522 μὲνγὰρ
575 3431 725 3512 Φοίνικες
747 3423 846 3523 εὗρον,
873 3439 910 3501 17
935 3431 1068 3521 ποίησιν
1090 3433 1127 3499 δὲ
1148 3430 1286 3522 ἡρωικὴν

207 3529 359 3621 Ὅμηρος,
392 3534 447 3601 καί
484 3537 523 3603 18
553 3536 757 3625 διαλεκτικὴν
785 3537 845 3622 μὲν
874 3534 984 3626 Ζήνων
1013 3533 1031 3603 ό
1057 3529 1213 3623 Ἐλεάτης,
1246 3539 1286 3602 19

206 3637 374 3727 ῥητορικὴν
396 3638 433 3705 δὲ
455 3640 572 3724 Κόραξ
595 3636 613 3706 ό
637 3638 871 3722 Συρακούσιος·
895 3639 951 3706 καί
973 3642 1016 3708 20
1035 3639 1203 3725 μελισσῶν
1223 3637 1285 3724 μὲν

207 3741 337 3830 καρπόν
369 3735 598 3829 δἈρισταῖος
612 3749 651 3824 ¹),
685 3745 725 3809 21
758 3741 850 3809 σίτου
880 3744 917 3810 δὲ
944 3739 1070 3827 σπόρον
1091 3740 1147 3808 καί
1167 3744 1287 3830 κριθῆς

297 3901 326 3977 1)
356 3901 405 3959 Ita
434 3901 587 3959 emendaui
619 3920 673 3977 pro
694 3893 902 3977 Ἀριστοτέλης,
933 3905 968 3964 of.
999 3903 1086 3962 Diod.
1108 3902 1152 3961 IV
1176 3905 1225 3974 81,
1250 3907 1287 3974 23

207 3985 284 4045 Plin.
302 4007 332 4047 n.
348 3988 378 4046 h.
394 3985 456 4048 vn
473 3990 549 4060 1993
572 3985 628 4059 al.;
651 3987 740 4047 etiam
754 3987 813 4046 alia
827 3991 969 4070 quaedam
985 3988 1145 4052 minutiora
1159 3986 1286 4048 oorrexi.
