2782 4642
581 88 789 152 ..47-

153 259 265 340 tinum,
288 259 373 341 quod
396 257 466 323 Tat.
489 258 544 340 §4
566 264 600 323 et
621 256 718 323 Glem.
741 259 795 340 §8
818 259 978 339 exhibent,
1001 265 1110 324 noster
1132 279 1150 325 e
1172 279 1231 326 sua

154 361 319 428 uoluntate
350 363 479 429 uidetur
508 361 685 428 mutauisse
713 363 745 426 in
775 358 869 426 θύειν
898 361 1156 446 infinitiuum1)‚
1193 371 1233 430 ut

153 464 296 529 membra
317 465 512 530 narrationis
535 465 687 530 concinna
709 464 869 530 redderet.
908 466 941 548 a)
965 464 1145 532 Chaldaeos
1166 467 1230 532 iam

154 566 271 631 Herod.
300 568 316 631 Ι
350 568 409 634 181
433 574 466 632 et
495 567 557 633 183
586 569 769 633 sacerdotes
798 557 924 633 inducit
953 586 991 633 ac
1019 568 1111 633 Diod.
1134 569 1233 633 1129

155 687 260 733 eorum
291 670 499 735 diuinationis
526 671 669 735 studium
699 670 938 752 doctrinamque
966 671 1147 737 describens
1176 691 1230 737 eos

154 772 252 840 refert
267 772 421 839 uaticinia
435 772 540 839 facere
553 775 773 859 „aordoqaoiq
788 769 989 854 θυσίαις,
1014 768 1130 850 ἄλλαις
1144 772 1233 837 τισὶν
1268 758 1271 763 ⁴

154 870 331 959 inodora&
355 876 470 957 quibus
485 875 592 941 uerbis
607 877 770 957 adiungit:
794 870 875 956 „oria
893 867 1030 962 ἀσόφως
1045 874 1082 939 δὲ
1097 879 1230 941 ποιοῦν-

153 1000 206 1042 ται
228 977 285 1043 καὶ
308 977 350 1043 τὰ
380 976 459 1064 περὶ
487 977 545 1065 τὴν
568 974 808 1065 laqueamina&
840 1016 880 1024 —
912 980 946 1060 b)
968 980 1017 1044 De
1040 978 1167 1062 Cypriis
1189 977 1230 1045 cf.

154 1082 194 1145 ad
217 1081 287 1147 Tat.
311 1081 329 1164 ξ
351 1082 382 1148 4.
404 1118 447 1128 -

240 1184 370 1250 Geteras
398 1189 503 1250 autem
534 1183 756 1267 paragraphos
786 1183 898 1249 iisdem
929 1184 996 1250 fere
1027 1184 1135 1250 uerbis
1165 1184 1229 1248 iam

154 1287 286 1368 legimus
310 1288 396 1367 apud
412 1286 600 1354 Tatiauum:
624 1287 755 1369 Gregor.
777 1287 832 1370 §9
853 1317 896 1340 =
920 1287 988 1352 Tat.
1011 1287 1030 1370 ἓ
1056 1287 1110 1366 16;
1134 1286 1172 1351 G.
1189 1285 1231 1351 15

154 1388 313 1469 ='r.5;
337 1389 376 1454 G.
400 1391 561 1456 1c=h
586 1391 623 1468 7;
647 1390 685 1455 G.
710 1392 748 1454 17
772 1388 1232 1471 =T.6;G.18=T.1;

155 1491 192 1557 G.
216 1494 256 1559 19
278 1523 321 1545 =
342 1492 378 1557 T.
400 1494 430 1575 3,
453 1493 515 1559 nisi
537 1493 621 1574 quod
644 1491 739 1573 Greg.
762 1492 796 1557 in
817 1490 879 1557 fine
901 1492 1084 1557 Isaurorum
1116 1510 1229 1557 nomen

154 1595 271 1661 omisit.

239 1698 385 1762 Iamuero
400 1698 547 1779 qnoniam
571 1698 700 1763 Tatiani
716 1697 888 1763 Clementis
905 1696 1051 1779 Gregorii
1075 1695 1232 1775 catalogis

152 1800 312 1883 permulta
333 1818 403 1866 esse
425 1801 603 1865 communia
632 1801 853 1882 cognouimns,
882 1801 941 1866 hos
971 1808 1038 1865 tres
1067 1798 1231 1880 catalogos

154 1902 338 1969 accuratius
360 1904 445 1967 inter
467 1921 502 1968 se
526 1920 753 1984 comparemus.

238 2007 286 2070 Ac
307 2006 444 2086 primum
468 2005 596 2087 quidem
617 2004 711 2070 facile
726 2007 923 2088 intellegitur
946 2005 1229 2086 Gregorium,

154 2109 300 2191 quamuis
322 2108 442 2173 similes
465 2112 561 2189 atque
591 2109 748 2174 Tatiauus
779 2116 811 2173 et
834 2108 978 2173 Clemens
1001 2108 1144 2189 proferat
1168 2126 1231 2189 reS,

153 2218 259 2276 tamen
293 2212 438 2276 neutrius
471 2212 685 2274 narrationem
716 2210 748 2274 in
779 2229 870 2275 usum
901 2229 993 2274 suum
1024 2210 1228 2275 conuertisse.

155 2314 394 2379 Clementis
417 2319 502 2378 certe
525 2313 704 2394 catalogum
728 2331 787 2377 non
812 2311 969 2378 adhibuit.
1014 2312 1124 2393 Neque
1145 2312 1227 2376 enim

154 2417 256 2482 solum
279 2417 424 2482 undecim
448 2415 597 2496 Gregorii
618 2416 749 2479 inuenta
765 2415 816 2497 (ἕξ
832 2415 926 2479 2-8.
962 2414 1000 2479 10
1022 2433 1068 2496 sq.
1100 2414 1149 2478 13.
1174 2413 1232 2494 ll)

154 2522 272 2586 desunt
293 2521 380 2602 apud
401 2517 501 2598 illurn,
524 2519 580 2583 sed
597 2519 693 2582 etiam
710 2517 927 2600 compluribus
942 2516 1019 2583 locis
1036 2514 1228 2581 Nazianzeni

155 2630 186 2688 et
200 2622 376 2687 Alexandri
390 2621 590 2685 narrationes
607 2621 709 2702 magis
724 2622 869 2686 minusne
885 2619 1068 2697 uariantur;
1086 2615 1229 2684 conferas

154 2726 249 2792 uelim
274 2723 404 2805 Gregor.
428 2723 447 2805 ἓ
471 2726 487 2788 1
513 2741 582 2787 cum
606 2721 703 2788 Glem.
725 2723 743 2805 ξ
767 2724 825 2803 13;
849 2721 921 2786 (1.9
944 2740 1014 2787 cum
1039 2721 1085 2786 Gl.
1108 2721 1167 2801 293
1190 2717 1229 2794 G,

156 2829 195 2892 12
218 2846 288 2893 cum
313 2825 359 2891 cl.
382 2827 438 2904 153
461 2825 499 2890 G.
523 2825 564 2890 14
586 2843 656 2890 cum
681 2824 726 2891 Gl.
750 2825 785 2904 83
810 2824 849 2889 G.
866 2824 906 2889 15
930 2842 999 2889 curn
1023 2823 1068 2890 Gl.
1086 2826 1114 2888 1.
1150 2821 1230 2886 Tres

155 2935 278 2996 restant
306 2927 454 3009 Gregorii
485 2926 742 2993 narratiunculae
773 2928 826 3010 (ᾖ)
856 2926 1070 3006 101016),
1099 2943 1181 3007 quae
1212 2942 1230 2988 e

156 3031 351 3099 clementino
372 3030 517 3112 catalogo
541 3031 593 3113 (ἕξ
618 3033 667 3097 10.
691 3033 719 3096 7.
743 3030 778 3113 5)
799 3029 898 3095 fluere
920 3029 1092 3110 potuerint.

240 3135 385 3215 Itemque
406 3151 444 3198 ex
466 3133 648 3198 Tatiano
678 3133 865 3214 Gregorium
895 3132 1042 3197 hausisse
1063 3131 1231 3212 quominus

242 3326 272 3403 1)
295 3324 460 3384 Scholiasta
489 3344 559 3383 uero
591 3324 703 3402 (Noun.
734 3325 750 3381 I
779 3322 841 3400 70),
870 3323 921 3402 qui
955 3324 990 3380 ad
1021 3323 1103 3379 hunc
1131 3319 1229 3378 locum

156 3409 410 3489 interpretandum
433 3411 510 3468 nihil
540 3410 602 3469 fare
630 3410 701 3467 noui
723 3409 832 3481 attulit,
855 3403 943 3464 θύειν
964 3407 1146 3466 infinitiuum
1168 3424 1229 3462 non

158 3497 352 3573 aruspicinam
375 3487 597 3568 diuinationem,
620 3497 669 3553 sed
686 3501 778 3554 artem
799 3493 983 3552 sacrificandi
997 3491 1157 3564 intellexit,
1179 3491 1232 3548 ad·

159 3582 229 3642 didit
251 3581 330 3641 enim
357 3585 451 3655 θεοῖς,
482 3602 540 3661 quo
573 3582 609 3639 de
637 3581 760 3639 inuento
792 3580 852 3637 uid.
876 3581 911 3637 ad
935 3578 1013 3656 Hyg.
1037 3579 1053 3650 ξ
1078 3581 1114 3634 la
1139 3576 1232 3653 (inira

158 3667 187 3724 in
209 3687 272 3743 cap.
296 3667 369 3739 Vh).
