2782 4642
642 366 852 432 „30-

211 538 428 620 adsignantur,
444 538 474 601 iu
491 535 624 619 singulis
641 557 716 604 uero
731 539 879 603 nonnulla
894 539 1086 620 discrepant.
1112 538 1246 606 Constat
1259 545 1289 616 1)

212 647 321 706 autem
346 640 484 705 Plinium
506 649 539 705 et
554 640 747 706 Clementem
770 643 853 706 inter
875 642 954 706 alios
976 648 1121 707 auctores
1137 643 1289 708 Stratone
1350 639 1365 673 ⁰

211 751 244 808 et
266 743 514 823 Philostephano
537 749 706 826 utrumque
722 763 813 809 usum
837 763 923 822 esse;
946 744 1035 825 atqui
1057 746 1084 808 si
1100 746 1141 808 de
1156 746 1289 810 inuento

211 847 349 926 quodam
365 847 476 912 eadem
492 853 626 926 uterque
649 854 768 926 narrat,
791 854 1035 911 consentaneum
1058 853 1107 910 est
1129 864 1167 909 ex
1190 847 1290 912 alter-

87 1019 89 1023 ,
150 1021 152 1024 ,
212 955 284 1013 utro
315 947 428 1012 horum
459 957 623 1013 auctorum
655 967 693 1011 ea
727 949 914 1013 manauisse.
959 948 1113 1026 Quoniam
1147 967 1223 1013 uero
1254 951 1285 1014 in

211 1050 287 1116 ferri
310 1057 343 1115 et
358 1051 441 1115 aeris
457 1050 638 1113 inuentioue
653 1050 684 1113 in
700 1051 881 1114 uniuersum
899 1050 1018 1113 Plinius
1039 1068 1108 1114 cum
1126 1050 1288 1118 Clemente

212 1154 383 1234 conspirat,
406 1152 545 1233 suspicio
567 1152 669 1216 oritur
685 1171 732 1231 ea,
755 1171 837 1232 quae
853 1153 1042 1233 discrepent,
1066 1153 1289 1235 neglegentiae

213 1254 263 1319 uel
288 1253 381 1319 Plinii
405 1254 454 1319 uel
477 1254 647 1319 Clementis
670 1255 856 1335 imputanda
878 1274 957 1319 esse.
1001 1256 1068 1319 Iam
1093 1255 1193 1320 multo
1209 1255 1287 1320 iaci-

212 1356 275 1420 lius
309 1356 463 1421 Clementi
493 1357 621 1437 putabis
661 1359 808 1421 mendum
842 1358 1005 1422 inhaerere
1037 1376 1131 1437 quam
1167 1357 1287 1423 Plinio:

215 1478 349 1541 quorum
380 1460 433 1524 ille
465 1467 497 1523 et
526 1465 633 1524 aetate
664 1461 822 1540 posterior
851 1468 899 1524 est
930 1469 962 1523 et
991 1460 1080 1525 utin
1104 1461 1288 1525 uniuersum

214 1563 383 1642 neglegens
406 1562 436 1625 iu
460 1562 664 1642 excerpendo,
695 1563 742 1626 ita
763 1563 792 1626 A
816 1562 1035 1643 corpusculum
1059 1570 1144 1626 certe
1167 1582 1228 1628 non
1251 1583 1288 1628 ex

208 1666 293 1751 ipsis
315 1673 480 1729 auctorum
502 1663 592 1729 libris
608 1665 786 1745 descripsit.
832 1666 877 1728 Ac
900 1665 976 1728 mihi
999 1666 1127 1746 quidem
1143 1664 1288 1732 Clemens

213 1787 282 1833 cum
307 1768 409 1832 Plinio
432 1767 489 1832 boc
511 1769 604 1832 modo
628 1768 788 1832 conciliari
809 1786 900 1848 posse
924 1769 1060 1833 uidetur.

299 1871 439 1935 Primum
478 1871 516 1933 de
549 1870 733 1935 auctoribus
772 1870 911 1934 laudatis
944 1889 1142 1951 quaeramus.
1196 1872 1288 1949 Quod

214 1966 359 2043 Clemens
381 1973 414 2067 (ξ
438 1972 511 2053 17¹³)
534 1973 574 2036 ad
599 1973 740 2053 Hesiodi,
769 1973 854 2036 idem
877 1973 918 2036 ad
942 1973 1124 2037 Aristotelis
1147 1975 1289 2038 testimo-

216 2077 303 2140 uium
334 2075 454 2139 Plinius
483 2074 590 2138 refert.
633 2074 744 2138 Potuit
772 2076 898 2156 quidem
931 2073 1071 2139 delibare
1101 2074 1290 2140 Aristoteles

213 2179 377 2242 inuentum
408 2179 490 2259 Lydi
523 2175 701 2258 Scythael)
732 2197 771 2248 ex
799 2177 931 2242 Hesiodi
960 2177 1096 2241 carmine
1124 2177 1240 2258 aliquo,
1263 2178 1312 2240 si.

216 2280 376 2344 Hesiodus
406 2280 471 2344 tale
493 2281 568 2362 quid
593 2281 919 2346 commemorauisset:
949 2281 1076 2344 ubinam
1108 2299 1185 2345 uero
1206 2280 1291 2344 hunc

215 2384 255 2447 de
280 2382 405 2464 Scythis
427 2384 532 2464 egisse
552 2384 724 2465 putemus?
769 2385 885 2450 Contra
908 2401 977 2447 cum
1002 2382 1195 2468 Hesiodeum
1212 2379 1290 2466 περὶ

210 2476 338 2550 Ἰδαίων
375 2481 553 2549 Δακτύλων
589 2505 713 2550 carmen
761 2483 956 2550 circumferri
994 2484 1108 2549 Snidas
1145 2488 1291 2557 testetur,

216 2590 317 2655 Plinio
347 2587 441 2653 fidem
464 2588 649 2653 habebimus
680 2589 819 2652 Hesiodo
849 2595 977 2653 auctore
1000 2587 1150 2669 adlegato
1173 2587 1306 2668 Dacty··

217 2692 318 2757 lorum
355 2691 403 2754 Id.
441 2692 604 2755 inuentum
642 2691 802 2770 quoddam
838 2691 996 2771 prodenti.
1056 2690 1145 2753 Idem
1183 2696 1290 2754 autem

215 2793 419 2875 Dactylorum
453 2793 615 2858 inuentum
648 2793 791 2858 Clemens
814 2794 846 2875 (ξ
873 2795 923 2871 16)
946 2799 1077 2858 auctore
1108 2811 1167 2857 non
1190 2793 1290 2871 nomi-

215 2903 290 2960 nato
311 2895 447 2960 exhibet.
491 2895 575 2976 Ergo
597 2897 738 2959 conicere
761 2896 868 2960 licebit
890 2897 921 2959 in
939 2895 1035 2960 Clem.
1060 2895 1206 2976 catalogo
1222 2896 1291 2960 siue

215 2999 316 3079 ipsius
338 2998 406 3061 siue
429 2998 506 3077 eius,
529 2997 583 3076 qui
606 2998 634 3059 A
656 2998 875 3080 corpusculum
899 2997 1093 3079 conscripsit,
1124 3017 1231 3062 errore
1254 3017 1291 3060 ac

216 3100 416 3183 neglegentia
446 3117 556 3164 nomeu
579 3098 709 3164 Hesiodi
733 3102 872 3165 auctoris
903 3102 934 3164 in
958 3098 1072 3165 falsum
1096 3099 1199 3166 locum
1222 3118 1292 3164 esse

216 3205 368 3269 delatum.

300 3306 431 3371 Accedit
454 3305 556 3369 altera
578 3305 741 3370 dissensio.
785 3305 873 3369 Idem
897 3306 979 3369 enim
1002 3304 1209 3385 Dactylorum
1225 3297 1288 3386 eb‘p.

217 3410 361 3476 Clemens
392 3410 554 3473 contendit
585 3408 701 3473 factum
737 3426 806 3473 esse
838 3408 868 3471 io
910 3407 1061 3489 Cypro,
1095 3408 1125 3471 in
1161 3406 1290 3473 Creta

307 3601 335 3679 l)
365 3601 410 3658 De
433 3601 610 3659 Clementini
634 3605 660 3657 A
684 3600 850 3675 corpusculi
880 3600 1012 3657 fontibus
1035 3601 1073 3658 cf.
1096 3618 1171 3679 quae
1203 3619 1292 3675 supra

216 3687 350 3764 exposui,
373 3688 408 3744 de
432 3687 521 3745 Plinii
544 3687 713 3745 auctoribus
734 3686 813 3743 infra
835 3703 897 3759 cap.
921 3685 981 3743 VII
1003 3705 1096 3760 agam.

304 3774 336 3850 2)
359 3773 424 3831 Hoc
446 3776 523 3848 apud
539 3774 612 3830 alios
628 3773 785 3846 scriptores
801 3789 944 3848 nusquam
961 3771 1029 3844 legi,
1052 3771 1175 3847 Scythas
1190 3777 1288 3828 autem

216 3878 283 3918 aere
306 3879 375 3919 usos
405 3878 469 3918 esse
498 3865 622 3918 testatur
651 3858 762 3916 Herod.
784 3857 827 3915 IV
853 3861 888 3913 81
915 3857 1085 3928 et1215;
1117 3857 1194 3934 Lydi
1216 3876 1288 3916 uero

216 3965 324 4005 nomeu
347 3945 498 4022 proprium
520 3944 588 4002 uide
611 3961 648 4001 ue
670 3947 839 4019 corruptum
862 3942 908 4002 sit.
1213 3975 1216 3981 ·
