2782 4642
643 364 851 429 -66..

208 554 245 603 eo
268 535 439 601 uerisimile
460 535 507 617 fit,
530 537 613 616 quod
635 537 763 616 saepius
785 536 851 600 uini
884 527 947 620 aoid.
970 533 1116 599 Aetoliae
1137 533 1290 598 infertur:

209 639 249 703 ci.
272 639 383 704 Hecat.
407 658 460 718 ap.
484 639 596 704 Athen.
613 639 645 701 Il
661 659 690 719 p.
707 639 788 716 35n3
810 636 914 718 Apoll.
931 637 1005 701 bibl.
1027 638 1044 700 Ι
1067 639 1097 716 8,
1122 641 1158 716 l;
1182 636 1289 702 Schol.

210 743 303 821 Varg.
327 761 375 822 ge.
399 741 413 803 Ι
434 743 472 821 8;
504 742 649 805 Lactant.
672 742 713 804 ad
744 739 827 805 Stat.
851 740 937 804 theb.
970 741 984 802 Ι
1013 740 1087 804 453.
1124 740 1161 802 In
1184 741 1290 820 primo

211 853 318 908 autem
343 849 573 925 excerptorum,
596 863 679 926 quae
701 849 853 922 tenemus,
883 842 970 906 fonte
998 835 1062 928 εὕρ.
1085 842 1170 905 haud
1193 843 1292 907 dubie

208 945 312 1012 fusius
334 948 511 1028 expositum
534 945 604 1024 fuit,
625 964 707 1028 quae
740 947 879 1028 genuina
900 945 1092 1010 narrationis
1114 942 1216 1010 forma
1239 965 1290 1010 re·

210 1049 302 1114 stitni
325 1050 443 1129 nequit.
466 1085 508 1094 -

296 1153 315 1233 ξ
338 1154 357 1214 2
380 1151 523 1232 „antiqui
554 1156 660 1214 autam
691 1150 790 1215 nostri
821 1151 851 1215 in
885 1150 976 1215 lectis
1004 1149 1234 1214 tricliniaribus
1256 1151 1290 1214 in

210 1255 319 1320 fulcris
341 1255 448 1335 capita
463 1252 629 1317 asellorum
647 1253 712 1316 uite
728 1252 860 1334 alligata
875 1254 1054 1317 habuerunt
1069 1251 1289 1332 significantes

211 1355 285 1442 (eos)
309 1356 501 1421 suauitatem
525 1353 612 1438 (uini)
635 1356 824 1421 inuenisse.“
863 1355 1099 1420 versatissimus
1130 1361 1179 1420 est
1200 1356 1291 1420 locus

211 1461 373 1540 uariisque
394 1457 495 1521 modis
517 1476 589 1522 eum
612 1476 724 1522 sanare
747 1460 937 1523 studuerunt
960 1458 1021 1522 uiri
1045 1458 1138 1524 docti.
1176 1460 1292 1524 Reine-

211 1563 277 1627 sius
300 1569 441 1624 extrema
463 1560 562 1624 uerba
583 1565 618 1623 ut
650 1560 832 1642 corrigeret,
861 1561 994 1625 coniecit
1025 1562 1167 1641 „asinum
1190 1562 1291 1627 uitem

211 1664 397 1728 inuenisset
436 1663 524 1727 idem
555 1669 660 1726 autem
693 1681 803 1728 sensus
826 1664 943 1727 leniore
975 1665 1220 1728 commutatione
1242 1684 1293 1729 re·

214 1767 376 1846 stituetur,
407 1766 433 1829 si
457 1763 532 1849 (eos)
564 1774 597 1828 et
619 1764 708 1849 (uini)
730 1765 791 1847 uel,
821 1767 848 1830 si
871 1766 1031 1845 malueris,
1064 1765 1162 1851 (uitis)
1192 1768 1295 1833 uerba

214 1869 455 1951 supplebuntur,
478 1886 560 1950 quae
582 1867 645 1932 illis
666 1868 745 1933 locis
767 1867 918 1934 facillime
940 1871 1125 1934 delitescere
1146 1871 1292 1950 potuisse

212 1990 302 2036 nemo
324 1989 385 2035 non
408 1972 504 2035 uidet.
543 1970 630 2035 Alibi
653 1963 717 2058 εὕρ.
742 1990 803 2035 non
825 1971 897 2053 legi,
930 1973 987 2035 sed
1008 1974 1094 2053 apud
1118 1971 1293 2037 Comment.

212 2075 254 2138 ad
282 2075 373 2153 Verg.
398 2092 445 2152 ge.
469 2073 527 2137 18
550 2074 635 2137 idem
668 2073 809 2152 capellae
838 2075 1036 2155 adsignatur,
1068 2083 1101 2138 et
1131 2075 1293 2140 Pausania

212 2178 318 2257 1138,
341 2178 361 2241 3
384 2182 465 2241 teste
487 2175 697 2258 Nauplienses
720 2178 896 2242 narrabant
918 2195 951 2240 so
974 2178 1013 2242 ab
1036 2177 1125 2242 asino
1139 2178 1292 2258 palmites

213 2281 424 2362 praerodente
437 2279 520 2344 uites
535 2280 668 2360 putandi
685 2286 786 2343 artem
805 2279 964 2343 didicisse.
980 2317 1017 2323 -—
1031 2279 1168 2343 Maxime
1184 2285 1293 2343 autem

215 2381 418 2446 memorabile
442 2388 492 2445 est
515 2381 639 2445 initium
662 2382 917 2445 narratiunculae
940 2381 980 2445 ab
1003 2380 1293 2447 heurematicorum

216 2485 343 2565 quidem
367 2482 582 2565 catalogorum
605 2483 710 2548 indole
732 2502 861 2563 prorsus
876 2484 1066 2565 abhorrens;
1090 2491 1187 2563 atque.
1208 2486 1296 2566 quod

215 2588 255 2652 ab
278 2588 409 2668 antiquo
433 2587 569 2668 quodam
592 2604 677 2650 more
700 2606 779 2650 ansa
802 2587 928 2666 capitur
957 2580 1136 2672 εἱρήματος
1160 2604 1296 2652 comme-

219 2691 372 2768 morandi,
396 2690 428 2752 id
452 2689 554 2770 magis
576 2690 618 2752 ad
640 2688 746 2767 libros
769 2689 823 2770 qui
845 2695 938 2752 erant
960 2690 1000 2752 de
1015 2689 1083 2753 uita
1097 2690 1297 2770 populorum,

218 2812 312 2873 quam
331 2794 372 2856 ad
395 2793 580 2856 heuremata
603 2793 752 2856 accedere
774 2792 910 2855 uidetur.
933 2829 975 2836 —

303 2897 321 2976 ξ
336 2896 356 2959 3
373 2913 487 2975 „quam
504 2899 610 2958 autem
626 2894 723 2958 uitem
739 2912 835 2973 caper
847 2902 1056 2975 praeroserm,
1073 2894 1198 2976 plenius
1210 2894 1296 2962 fruc-

219 3008 285 3061 tum
307 2996 450 3077 protulit
475 2998 557 3060 unde
578 2998 674 3061 etiam
696 2996 893 3077 putationem
920 2998 1139 3062 inuenerunt.“
1156 2997 1297 3079 Corrup-

219 3109 286 3164 tum
310 3098 478 3163 uerborum
502 3099 643 3162 ordinem
660 3101 796 3163 correxit
812 3099 1081 3165 Wachsmuthiua
1106 3099 1297 3180 Quanquam

221 3203 419 3266 notissimum
436 3207 484 3265 est
508 3207 632 3265 ueteres
649 3220 791 3281 caprum,
813 3202 930 3281 quippe
946 3202 1000 3280 qui
1016 3201 1136 3265 ultibus
1160 3211 1311 3282 noceret„

220 3305 346 3370 Baccho
369 3305 530 3368 immolare
553 3304 752 3369 consueuisse
768 3303 821 3386 (of.
836 3304 926 3368 Varr.
944 3305 983 3367 de
999 3323 1023 3368 r.
1041 3322 1065 3366 r.
1081 3304 1096 3367 I
1112 3305 1141 3383 2,
1159 3305 1198 3369 17
1210 3322 1299 3386 sqq.;

221 3409 315 3488 Verg.
332 3427 379 3487 ge.
403 3407 435 3472 II
458 3406 521 3471 379
536 3425 581 3488 sq.
606 3425 676 3470 cum
700 3406 817 3487 schol.;
841 3407 899 3469 Ou.
915 3407 987 3471 last.
1003 3406 1019 3468 I
1035 3407 1098 3471 353
1115 3425 1200 3488 sqq.;
1223 3416 1299 3473 met.

221 3511 280 3576 XV
306 3511 369 3574 114
384 3528 448 3591 sq.;
482 3509 547 3590 al),
570 3510 664 3575 huius
687 3517 791 3575 tamen
823 3510 945 3575 inuenti
968 3511 1152 3575 testimonia
1174 3512 1299 3593 desunt,

223 3614 324 3677 similo
359 3630 433 3676 uero
456 3613 631 3693 exemplum
653 3613 787 3695 praebet
808 3614 942 3678 Pausan.
965 3613 985 3676 l.
1009 3616 1101 3678 modo
1123 3613 1143 3678 l.

308 3717 411 3796 Atque
435 3724 471 3779 ut
497 3734 613 3793 eorum,
636 3733 717 3797 quae
732 3717 949 3794 tractauimus,
973 3723 1193 3797 argumentum
1215 3735 1301 3781 oom-

222 3819 455 3900 prehendamus
487 3818 525 3901 §ss
558 3820 641 3883 r-3
663 3820 770 3899 agitur
792 3820 831 3882 de
862 3819 952 3896 uino;
980 3825 1053 3883 ante
1082 3819 1100 3902 ξ
1132 3823 1149 3885 1
1182 3821 1303 3887 excidit

224 3920 359 3987 fortasse
382 3921 533 4003 narratio,
557 3940 619 4002 qua
642 3923 796 3985 traditum
828 3928 907 4002 erat,
930 3923 980 3986 cui
1004 3923 1141 4004 cognitio
1164 3941 1303 4006 ususque
