2782 4642
506 398 717 462 ..19-.

72 567 91 647 ξ
107 565 150 628 25
166 560 412 647 (Καππάδοκες
427 604 468 611 -
484 560 618 648 νάβλαν)
641 568 807 633 coniuncta
822 574 880 648 est,
903 574 1028 634 ceterae
1043 575 1149 635 autem

72 678 164 733 extra
187 688 308 734 omnem
333 670 474 734 ordinem
499 671 669 749 adspersae
692 671 818 753 sunt1).

160 773 323 836 Accedunt
346 771 408 836 alia
429 772 555 851 indicia,
578 771 693 852 quibus
715 773 895 855 catalogum
918 774 1148 839 clementinum
1242 794 1244 798 ³

73 892 143 938 esse
166 874 290 938 cinnum
322 893 339 938 e
362 874 485 938 dnobus
515 874 676 938 minimum
708 874 847 940 fontibus
870 874 1038 942 conflatum
1063 877 1149 944 lucu·

73 976 250 1041 lentissime
272 977 504 1057 comprobatur.

162 1079 280 1143 Ordine
309 1078 509 1160 alphabetico
539 1099 608 1144 cum
631 1074 765 1165 εὑρετῶν
787 1083 880 1146 modo
903 1081 1028 1146 nomina
1051 1083 1148 1163 respi-

73 1181 209 1262 ciantur,
232 1201 284 1246 res
307 1187 493 1264 argumento
515 1183 700 1248 coniunctae
722 1184 816 1265 plane
832 1185 1034 1250 dirimuntur.
1081 1185 1149 1250 Ma-

74 1286 175 1349 teriae
205 1286 288 1348 enim
320 1284 571 1368 similitudine2)
601 1292 754 1366 cognatae
782 1294 872 1351 sunt:
903 1287 941 1368 ἐξ
966 1289 1005 1352 16
1028 1296 1060 1352 et
1090 1288 1149 1367 303

73 1389 112 1471 ἕξ
136 1389 177 1453 29
200 1396 232 1453 et
258 1389 313 1466 l'l;
338 1388 376 1468 ἓξ
401 1388 450 1464 15,
472 1387 523 1467 45,
545 1389 596 1453 27.
641 1388 692 1451 Ab
722 1389 824 1454 altera
854 1396 959 1453 autern
982 1398 1077 1471 parte
1100 1408 1150 1454 res
1240 1459 1242 1462 Α

72 1493 158 1557 inter
173 1509 206 1554 se
218 1489 449 1555 dissimillimas
464 1490 523 1554 snb
538 1483 666 1574 εὑρετοῦ
685 1492 808 1555 nomine
823 1491 1149 1571 comprehenduntur:

74 1595 112 1677 ἓξ
138 1593 238 1672 1-5;
263 1594 377 1672 18sq.;
400 1594 537 1658 42-44.

163 1696 283 1761 Deinde
313 1697 423 1760 eadem
452 1690 588 1781 edoardo
618 1696 744 1760 nomina
775 1697 909 1761 diuersis
941 1698 1151 1763 consarcinati

74 1799 213 1880 catalogi
243 1798 320 1863 locis
353 1798 516 1863 iterantur.
572 1798 711 1863 Cadmi
745 1799 827 1861 enim
860 1817 968 1863 nomen
1004 1799 1034 1864 in
1069 1801 1149 1866 serie

74 1901 277 1983 alphabetico
298 1919 388 1965 suum
412 1901 509 1965 hahet
530 1900 631 1964 locum
655 1902 731 1982 §23
746 1919 803 1982 sq,
825 1901 942 1982 legitur
964 1909 1070 1966 autem
1087 1904 1149 1966 iam

74 2005 104 2069 in
137 2005 240 2085 primo
269 2003 404 2070 embolio
441 2004 539 2086 §133
569 2003 766 2084 Olympus
803 2023 873 2070 oum
903 2023 960 2069 suo
992 2005 1060 2070 loco
1096 2024 1144 2069 re-

76 2114 244 2172 censeatur
273 2108 292 2188 ξ
322 2106 381 2188 32,
422 2105 504 2170 infra
535 2107 671 2173 occurrit
700 2107 730 2170 in
762 2107 895 2170 embolio
923 2108 964 2171 ad
998 2109 1149 2172 musicam

75 2210 248 2289 pertinenti
278 2210 297 2291 ἓ
323 2211 374 2288 37,
398 2217 429 2274 et
451 2228 548 2290 supra
570 2227 641 2274 cum
664 2208 829 2290 Marsya
852 2211 1034 2276 coniunctus
1057 2211 1149 2290 §123

77 2311 255 2376 bisantem
278 2312 395 2376 iterum
418 2312 437 2393 §
459 2312 501 2378 38
516 2330 584 2392 sqq.
606 2312 801 2392 producitur.

164 2415 243 2477 'lum
267 2412 400 2479 fontium
424 2415 594 2479 diuersitas
617 2433 655 2479 ea
678 2432 801 2495 quoque
823 2433 857 2478 re
879 2415 1034 2494 proditur,
1067 2419 1150 2497 quod

77 2518 280 2599 Olympus
309 2517 340 2581 in
370 2517 513 2596 catalogo
543 2516 743 2599 alphabetico
774 2518 883 2596 Mysus
906 2518 940 2598 (ξ
962 2518 1018 2599 32)
1050 2520 1150 2598 audit,

80 2621 110 2685 in
135 2618 279 2684 emboliis
301 2624 407 2683 autem
433 2620 486 2700 (ἕξ
512 2620 550 2684 12
566 2627 598 2683 et
620 2620 676 2701 37)
699 2618 804 2700 Phryx
827 2618 880 2698 (of.
897 2636 978 2698 quae
1000 2622 1151 2685 adnotaui

78 2723 119 2786 ad
142 2724 215 2787 Tat.
237 2723 256 2804 ξ
281 2722 345 2804 13).

164 2825 292 2890 Certum
308 2825 406 2905 igitur
421 2833 470 2888 est
485 2825 675 2891 Clementem
691 2826 840 2889 maiorem
858 2826 1009 2891 materiae
1025 2831 1148 2907 partem

77 2949 94 2994 e
117 2928 311 2994 conlectione
334 2928 471 3008 quadam
494 2928 703 3007 inuentorum‚
726 2946 789 3008 qua
810 2921 944 3012 εὑρετῶν
967 2929 1092 2993 nomina
1107 2931 1149 2993 ad

76 3032 257 3096 litterarum
281 3031 422 3095 ordinem
445 3030 599 3111 disposita
623 3036 724 3110 erant,
746 3037 923 3095 mutuatum
957 3051 1017 3095 non
1047 3051 1149 3113 panca

77 3153 115 3200 ex
145 3153 207 3198 uno
242 3133 292 3198 nel
330 3132 543 3214 compluribus
577 3134 648 3198 aliis
681 3132 820 3198 fontibus
851 3134 953 3214 petita
986 3135 1148 3199 adiecisse.

77 3236 322 3319 alphabeticum
360 3241 466 3298 autem
500 3234 618 3300 fontem
655 3235 823 3301 breuitatis
857 3253 953 3301 causa
992 3235 1022 3299 A
1056 3237 1148 3300 titulo

77 3349 185 3405 notare
208 3338 298 3404 nohis
320 3337 424 3402 liceat.

167 3531 198 3608 1)
220 3531 308 3589 Dicat
346 3530 492 3609 quispiam
523 3528 539 3608 ς
572 3535 608 3587 21
644 3523 804 3604 πλαστικήν
834 3536 954 3605 propter
984 3530 1146 3590 litterarum

79 3619 184 3676 seriem
199 3636 269 3675 *esse
290 3617 435 3676 adiectam
457 3618 492 3674 ad
517 3615 532 3693 ἓ
557 3622 596 3674 20
620 3612 734 3689 πέλτην.

164 3705 195 3778 2)
220 3703 304 3767 Ouod
329 3700 345 3779 ἕ
371 3708 409 3760 20
442 3698 573 3778 (πέλτην)
596 3722 661 3760 curn
685 3700 701 3779 ἓ
729 3706 763 3758 19
788 3696 919 3777 (πέλταις
947 3703 1076 3777 χρῆσθαι
1098 3699 1144 3760 ἐπὶ

80 3791 135 3846 τῶν
156 3786 270 3867 ἵππων)
300 3807 414 3847 conexa
436 3793 488 3860 est,
518 3789 597 3847 casui
622 3788 748 3847 dandum
771 3796 824 3856 est,
857 3807 921 3845 oum
945 3784 1070 3864 εὑρετῶν
1092 3808 1146 3846 no·

80 3875 156 3933 mina
177 3874 230 3952 (19
256 3873 379 3956 Θρᾷκες,
404 3880 443 3932 20
465 3866 610 3950 Ἰλλύριοι)
632 3873 849 3950 alphabeticum
872 3873 1003 3932 ordinem
1028 3894 1098 3951 prae
1114 3894 1145 3932 se

79 3958 180 4020 ferant.

953 4057 991 4120 2*
