2782 4642
580 389 813 460 ..103-

161 563 253 631 alibi·
271 565 409 630 sanatis
438 564 606 648 quicquam
635 565 728 647 inest,
757 565 842 648 quod
870 582 941 631 oum
971 563 1065 630 Plinii
1095 564 1240 646 catdogo

159 672 311 755 congruat
325 668 365 749 ¹).

233 770 426 836 Redeamus
448 789 530 836 nunc
551 772 593 836 ad
617 770 869 836 Stratonem.
914 769 1013 836 unius
1029 786 1100 836 cum
1123 788 1235 836 nomeu

164 872 197 937 in
211 896 214 901 ·
227 871 412 938 narratione
441 873 514 940 libri
543 873 605 938 VII
632 892 693 938 non
723 873 910 954 reperiatur,
939 891 978 938 er
1009 873 1105 937 huius
1133 890 1237 955 opere,

159 976 279 1058 qnippe
301 975 389 1041 cuius
412 974 540 1040 titulum
570 983 682 1058 aperte
712 975 910 1054 indicauerit,
939 973 1077 1040 Plinium
1100 974 1237 1056 plurima

157 1077 392 1159 deprompsisse
414 1077 676 1143 uerisimillimum
699 1084 759 1144 est.
790 1078 955 1143 Accedunt
978 1082 1083 1143 autem
1111 1094 1236 1158 causae,

157 1179 272 1260 quibua
294 1179 345 1246 uel
368 1181 470 1262 magis
491 1198 733 1262 commonemur,
755 1187 793 1246 ut
815 1182 997 1247 Stratonem
1019 1181 1051 1245 in
1074 1181 1235 1263 primariis

157 1279 298 1347 tontibus
327 1282 489 1348 ducamus
540 1282 724 1360 Quidnam?
763 1290 1007 1350 consentaneum
1045 1302 1148 1350 nonne
1185 1292 1235 1349 est

158 1382 340 1450 Stratonem
356 1385 600 1467 peripateticum
624 1387 666 1451 de
679 1404 784 1451 rerum
800 1386 1017 1452 incentoribus
1032 1387 1234 1467 quaestiones

157 1487 377 1552 instituentem
400 1505 477 1569 prae
506 1488 620 1553 ceteris
650 1487 937 1568 Theophrasti
967 1490 1113 1570 magistri
1135 1488 1234 1554 libros

156 1590 198 1655 de
219 1590 332 1654 eadem
353 1590 488 1655 materia
502 1590 699 1672 conscriptos
712 1590 744 1654 in
761 1608 852 1655 usum
868 1591 1027 1657 uertisse?
1048 1591 1110 1656 Hie
1125 1600 1232 1656 autem

156 1690 309 1756 inPlinii
331 1692 512 1757 narratione
534 1701 649 1774 quater
677 1693 709 1757 in
741 1693 956 1759 testimonium
989 1700 1138 1760 uocatur:
1173 1695 1233 1759 Vll

160 1794 221 1860 196
249 1792 338 1880 (bis).
370 1795 440 1861 197.
470 1794 543 1861 2οὂ.
593 1798 663 1875 Qua
697 1798 738 1862 de
768 1813 865 1862 causa
898 1797 1013 1862 mirum
1046 1802 1111 1875 est,
1146 1799 1231 1881 quod

158 1896 371 1981 Theophrasti
394 1917 504 1964 nomeu
528 1899 559 1963 in
582 1899 655 1963 libri
671 1899 733 1964 VlI
748 1906 914 1965 auctarum
936 1900 1040 1964 indice
1062 1900 1231 1989 omittitur,

158 2018 228 2066 cam
250 2001 283 2065 in
305 2001 346 2065 27
369 1999 520 2065 librorum
543 2001 700 2067 indicibus
730 2009 942 2068 recenseatur.
985 2001 1023 2067 Id
1052 2001 1113 2067 nisi
1142 2004 1231 2068 casui

158 2102 360 2169 tribuendum
383 2109 442 2180 est,
466 2105 656 2171 contendere
671 2104 746 2171 licet
763 2104 897 2170 Plinium
913 2104 1008 2170 huius
1023 2122 1102 2187 opus
1118 2105 1231 2170 heure·

159 2206 307 2271 malicum
337 2205 483 2271 manibus
512 2226 572 2272 non
605 2207 744 2272 tenuisse
772 2205 825 2288 (ci
849 2206 1082 2273 Eichholtnium
1109 2227 1140 2290 p.
1165 2210 1230 2290 17).

159 2307 299 2373 Stratoni
322 2308 421 2389 igitur
442 2309 617 2374 sententias
638 2308 850 2391 Theophrasti
873 2310 1054 2376 reddamus.

241 2409 453 2491 Theophrasti
483 2417 589 2477 autem
621 2412 763 2493 reliquiis
795 2412 883 2477 aliud
913 2431 1037 2495 quoqne
1060 2415 1143 2478 inter
1167 2413 1230 2478 Pli-

158 2513 251 2578 niana
273 2506 337 2597 siin.
359 2514 539 2578 addendum
563 2521 623 2595 est,
651 2515 734 2597 quod
757 2532 834 2595 prae
857 2515 971 2580 ceteris
992 2534 1050 2597 per
1072 2516 1231 2582 Stratonis

159 2634 239 2698 opus
261 2616 294 2681 in
309 2615 405 2681 Plinii
428 2617 606 2698 catalogum
629 2619 809 2684 manauisse
824 2617 960 2683 uidetur.
992 2618 1229 2686 V11198euim

159 2719 277 2800 legitur
306 2719 357 2801 „in
388 2717 533 2803 (figlinis)
563 2720 671 2787 orbem
703 2720 892 2786 Anacharsis
924 2710 1073 2804 Scythen,
1098 2729 1134 2785 ut
1164 2721 1230 2801 alii,

156 2821 339 2904 Hyperbius
376 2821 587 2888 conntmm‘t
632 2824 730 2890 Cuius
766 2824 957 2890 narrationis
993 2829 1085 2907 parte
1122 2824 1229 2906 priore

155 2923 275 3006 Ephori
296 2926 485 2990 sententiam
507 2927 641 3006 exprimi
664 2931 805 2992 testatur
826 2926 942 2993 Strabo
956 2927 1017 2991 Vll
1031 2927 1062 3007 3,
1083 2927 1114 3006 9,
1136 2933 1229 3009 parte

155 3027 257 3093 altera
288 3028 501 3111 Theophrasti
537 3029 715 3095 Scholiasta
748 3029 839 3095 Pind.
871 3030 920 3094 Ol.
948 3029 1029 3094 XIII
1059 3031 1099 3096 27
1132 3028 1227 3112 (iul

155 3128 291 3212 Eichla).
335 3131 434 3214 Atqui
456 3151 526 3198 cum
549 3131 732 3199 Stratonem
763 3133 804 3198 de
832 3134 929 3199 rebus
958 3133 1096 3198 inuentis
1118 3133 1228 3214 dispu·
1286 3161 1290 3171 ·

155 3237 275 3299 tantem
299 3232 418 3314 Ephori
440 3235 608 3301 sententiis
629 3235 855 3319 impugnandis
877 3235 1075 3318 potissimum
1098 3254 1227 3317 operam

155 3373 295 3380 -.-.-,--

242 3441 272 3518 l)
294 3441 362 3500 Non
384 3442 535 3517 intellego,
558 3461 633 3520 quae
655 3442 859 3501 Bichholtzius
880 3462 908 3518 p.
933 3447 972 3501 20
996 3443 1031 3502 de
1054 3443 1228 3519 Asclepiade

156 3533 186 3586 ot
207 3526 344 3586 Stratone
369 3529 454 3588 dixit.
470 3527 653 3604 Asclepiadis
668 3528 747 3586 enim
768 3529 805 3586 fr.
826 3533 861 3586 12
884 3527 995 3607 (Schol.
1011 3528 1099 3588 Hom.
1114 3529 1136 3586 Ζ
1154 3530 1226 3607 155)

152 3630 190 3671 ne
204 3612 311 3672 nucula
324 3615 443 3692 quidem
459 3606 518 3691 εὕρ.
530 3611 623 3672 ullum
638 3612 837 3688 significatum
852 3614 1114 3690 Bellerophontem
1129 3625 1227 3677 autem

154 3700 267 3774 Pegaso
296 3717 374 3780 equo
395 3720 490 3762 usum
521 3717 585 3758 esse
617 3699 676 3758 iam
705 3700 742 3758 ab
772 3699 914 3772 Hesiodo,
945 3700 1083 3772 Pindaro,
1105 3701 1226 3777 tragicis

154 3785 264 3845 discere
293 3786 393 3861 potuit
422 3785 741 3860 heurematographus,
769 3804 857 3864 quem
887 3790 1005 3845 secutus
1027 3785 1141 3846 Plinius
1165 3787 1226 3846 VII

154 3874 214 3929 202
236 3871 497 3947 Bellerophontem
519 3870 685 3930 inuentoris
706 3871 792 3929 laude
807 3871 933 3930 ornauit.
950 3861 1120 3949 εὑρήματος
1141 3873 1225 3934 testis

151 3962 197 4018 est
218 3955 316 4022 Schol,
338 3958 424 4017 Pind.
448 3957 536 4039 Pyth.
558 3956 586 4016 V
610 3962 644 4028 6;
668 3956 714 4015 01.
737 3957 754 4017 Ι
779 3960 853 4028 139;
875 3956 958 4017 XIII
981 3957 1030 4018 27.
