2782 4642
588 337 801 403 -26-

242 508 261 589 ἓ
284 508 345 572 13b
367 504 420 587 „oi
441 505 477 572 δὲ
503 504 659 584 Φοίνικας
680 505 736 572 καί
760 502 881 595 Σίροος
903 503 1078 592 γράμματα
1101 503 1233 594 ἐπινοῇ

157 630 213 673 σαι
236 605 384 695 πρώτους
407 609 582 692 λίγουσιν,“
614 611 716 676 Teuc:
743 611 832 674 Diod.
855 611 883 674 V
907 613 956 687 74,
983 613 1017 687 1;
1041 609 1122 675 Plin.
1148 629 1177 673 n.
1201 611 1232 674 h.

157 713 218 777 Vll
242 713 320 793 192;
351 713 491 778 Crameri
517 715 576 778 An.
600 715 656 778 Ox.
681 713 726 777 IV
748 733 778 793 p.
801 715 873 790 400,
898 714 947 778 12.
971 749 1012 758 -

242 818 260 898 ξ
286 817 326 880 14
357 811 523 902 ,ἰατρικὴν
546 815 582 881 δὲ
598 808 704 879 ’Λπιν
725 811 907 897 Αἰγύπτιον
930 808 1131 898 [αὐτόχθονα
1154 812 1233 900 πρίν

159 916 207 996 εἰς
231 913 407 1002 Αἴγυπτον
430 911 615 1005 ἀφικέσθαι
637 916 694 1004 τὴν
711 911 787 1001 ἸωἹ,
809 913 892 1002 μετά
914 917 1073 982 δὲταῦτα
1091 909 1232 1004 Ἀσκλη-

159 1019 238 1087 πιὸν
259 1019 316 1108 τὴν
337 1019 447 1108 τέχνην
468 1015 605 1108 αὐξῆσαι
634 1020 807 1104 λέγουσιν.“
831 1023 934 1087 Test:
965 1021 1102 1103 Cyrillus
1124 1039 1150 1085 o.
1173 1021 1232 1086 Iul.

156 1125 200 1189 VI
223 1146 253 1206 p.
276 1125 359 1189 200⁶
382 1125 499 1206 Spanh.
532 1133 641 1191 narrat
675 1126 818 1207 Apidem,
849 1125 1045 1189 aeditumum
1074 1123 1231 1187 illustrem

157 1228 357 1310 Aegyptium,
380 1228 568 1293 medicinam
591 1229 749 1293 inuenisse
763 1246 896 1308 eamque
912 1227 1112 1308 Aesculapio,
1135 1225 1231 1290 (loro-

156 1330 241 1394 nidis
271 1336 303 1394 et
326 1331 483 1413 Apollinis
506 1338 563 1396 aut
585 1332 762 1396 sacerdotis
784 1329 917 1395 alicuius
933 1329 1046 1395 Graeci
1068 1327 1143 1407 filio,
1166 1334 1232 1392 tra-

155 1432 290 1511 didisse,
335 1433 389 1515 qui
429 1433 544 1498 deinde
578 1439 679 1499 artem
713 1452 769 1513 per
805 1439 907 1497 totum
930 1433 1037 1495 orbem
1072 1438 1230 1496 terrarum

153 1542 356 1617 propagaret.
397 1536 496 1601 Paulo
519 1537 613 1602 aliter
638 1541 744 1602 autem
767 1537 899 1601 eandem
923 1554 989 1599 rem
1013 1533 1230 1599 Theodoretus

155 1638 186 1702 in
225 1638 355 1702 deorum
393 1639 497 1703 indice
533 1641 670 1719 quodam
707 1638 959 1703 Euhemeristico
995 1635 1109 1700 refert:
1155 1634 1232 1716 ,καί

152 1731 366 1825 Ἀσκληπιὸν,
396 1741 500 1824 inquii
530 1743 654 1824 therap.
685 1742 735 1806 III
758 1742 809 1821 26,
837 1735 882 1816 ὡς
910 1741 967 1826 τῆς
989 1735 1136 1826 ἰατρικῆς
1158 1735 1231 1802 ἐπι·

154 1837 278 1929 στήμης
299 1838 427 1929 εὑρετὴν
456 1842 669 1929 γεγενημένον,
698 1841 779 1908 θεὸν
808 1839 1038 1928 τελευτήσαντα
1068 1835 1230 1926 προσηγό-

153 1965 268 2029 ρευσαν
291 1945 445 2028 (Graeci).
475 1944 530 2010 διὰ
562 1944 599 2010 δὲ
629 1941 687 2032 τὴν
717 1938 815 2032 αὐτὴν
837 1941 947 2009 αἰτίαν
968 1942 1024 2008 καί
1051 1942 1108 2008 τὸν
1124 1935 1230 2007 Ἆπιν

152 2043 340 2130 Αἰγύπτιοι
369 2044 466 2124 θείας
497 2045 718 2134 προσηγορίας
748 2041 920 2136 ἠξίωσαν.“
964 2046 1030 2113 Nec
1060 2056 1165 2112 tumen
1198 2049 1229 2112 in

154 2151 369 2215 testimonium
402 2169 515 2217 uocare
545 2151 618 2216 licet
652 2151 797 2232 Snidam,
834 2150 887 2232 qui
918 2170 942 2216 s.
974 2170 1004 2216 u.
1035 2144 1229 2235 γράμματος

152 2248 224 2333 „iim
246 2250 287 2316 τά
318 2247 495 2338 γράμματα
522 2249 671 2330 Φοίνικες
701 2252 835 2339 ἐφεῦρον
864 2252 935 2338 πρά
939 2275 1010 2330 τοι,
1044 2246 1141 2316 ἔνθεν
1171 2251 1228 2316 καὶ

159 2351 325 2419 Φοινίκεια
348 2351 549 2442 ἐκλήθησαν·
580 2354 636 2420 καὶ
667 2354 724 2420 τὸν
753 2352 893 2439 Κάδμον
922 2353 1005 2440 φασί
1027 2358 1159 2440 πρῶτον
1180 2350 1228 2430 εἰς

152 2456 210 2543 τὴν
225 2453 363 2522 Ἑλλάδα
385 2455 530 2542 κομίσαι·
556 2455 700 2545 ἰατρικὴν
722 2459 759 2524 δὲ
782 2449 922 2533 ὁἍπις
944 2452 1186 2539 ὁΑἰγύπτιος·
1210 2452 1224 2520 ί

155 2552 185 2623 δ’
206 2552 411 2646 Ἀσκληπιὸς
432 2553 547 2647 ηίξησε
568 2560 625 2647 τὴν
639 2559 770 2647 τέχνην“
782 2562 822 2644 1).
847 2562 962 2624 Mirum
978 2580 1054 2626 saue
1070 2567 1127 2639 est,
1142 2561 1226 2642 quod

155 2663 398 2745 lexicographus
421 2665 499 2729 haec
520 2666 582 2729 duo
605 2664 801 2746 heuremata,
832 2664 979 2744 quamuis
1001 2665 1084 2727 inter
1105 2681 1140 2728 se
1163 2662 1228 2727 dis-

153 2765 280 2848 similia,
310 2767 342 2831 in
373 2785 469 2830 unum
492 2766 732 2847 comprehendit
754 2776 851 2849 atque
874 2767 983 2830 eodem
1013 2767 1122 2830 ordine
1154 2783 1228 2845 pro-

152 2868 237 2948 tulit,
259 2886 321 2951 qno
337 2867 481 2933 Clemens
503 2888 541 2933 ea
563 2888 601 2933 ex
623 2869 815 2934 diuersis
836 2868 977 2934 fontibus
1001 2868 1151 2935 arcessita
1174 2865 1227 2948 (cf.

156 2989 252 3051 supra
274 2990 304 3052 p.
330 2973 368 3036 17
380 2973 463 3055 sqq.)
477 2973 509 3036 in
532 2974 677 3054 catalogo
699 2991 756 3037 suo
771 2973 940 3037 coniunxit.
975 2971 1104 3037 Suidum
1120 2980 1226 3035 autem

152 3090 190 3136 ex
206 3073 366 3138 Clemente
389 3075 458 3155 ipso
474 3076 552 3140 haec
567 3094 636 3140 esse
650 3083 831 3141 mutuatum
847 3077 1013 3156 quominus
1036 3073 1227 3165 coniciamus

151 3194 189 3239 ea
212 3195 246 3240 re
261 3178 461 3259 impedimur,
484 3179 567 3259 quod
591 3178 706 3243 Suidas
722 3178 915 3244 Clementem
933 3176 1179 3242 Alexandrinum
1193 3177 1226 3254 ²)

152 3279 278 3342 omnino
300 3299 362 3345 non
377 3280 561 3347 adhibuisse
584 3283 720 3346 uidetur.
764 3280 935 3347 Pmeterea
958 3281 989 3344 in
1005 3280 1109 3362 priore
1124 3278 1226 3360 parti-

241 3556 270 3632 1)
293 3556 390 3614 Huius
422 3559 639 3634 explanationis
669 3560 749 3635 prior
780 3579 849 3637 pars
871 3581 893 3618 s.
916 3580 946 3620 u.
971 3552 1101 3633 Κάδμος,
1133 3558 1226 3616 altere

151 3665 175 3705 s.
198 3663 227 3701 u.
245 3629 333 3710 Ἀπις
355 3643 488 3702 iteratur.

237 3728 269 3802 2)
292 3727 346 3785 Ille
378 3730 456 3786 enim
479 3729 623 3802 Clemens,
646 3749 733 3809 quem
765 3730 869 3788 Suidns
901 3750 916 3787 e
947 3731 1053 3790 Photio
1085 3730 1225 3788 hauriens

151 3813 343 3872 conlaudauit
358 3814 393 3891 (s.
409 3835 437 3873 u.
454 3835 482 3874 u.
502 3809 609 3890 Ζάλην,
624 3808 728 3893 Ἥρας,
747 3814 955 3893 Παλίμβολος),
979 3836 1038 3874 non
1055 3825 1100 3875 est
1115 3824 1224 3886 noster,

154 3900 203 3957 sed
226 3901 375 3978 interpres
394 3900 544 3963 Platonis:
568 3901 605 3961 cf.
630 3902 696 3963 adn.
712 3902 896 3983 Bernhardyi
921 3904 955 3960 ad
972 3923 1000 3960 u.
1024 3901 1223 3980 Παλίμβολος.
