2782 4642
583 362 793 426 μη,

153 531 266 614 (clem.
281 534 299 616 ξ
317 530 390 616 17·)
413 531 632 614 Theophrasto
645 538 677 613 ¹)
693 533 801 599 deberi
818 533 939 599 Plinius
955 532 1072 599 diserte
1087 534 1235 600 adnotat.

153 636 244 700 Unde
267 636 417 702 facillime
440 637 593 702 dissensio
615 637 823 718 intellegitur,
845 656 917 701 nam
941 637 981 702 ab
1005 637 1076 703 aliis
1101 638 1234 720 Dactyli

152 738 242 803 Idaei
257 740 288 819 ¹)
307 739 514 819 perhibentur
528 757 598 804 esse
614 739 739 818 Cretici,
762 740 802 804 ab
818 740 889 804 aliis
905 739 1063 821 Phryges;
1087 740 1236 806 Clemens

152 848 258 905 autem
291 842 360 922 ipse
389 860 443 906 eos
474 840 567 906 modo
595 850 690 906 antea
720 842 842 922 (strom.
873 843 889 905 Ι
920 841 974 921 15,
1002 844 1057 924 73)
1089 842 1236 925 Phryges

154 944 291 1007 uocauit.
335 943 378 1007 Et
399 945 459 1008 hoc
480 961 604 1023 semper
626 945 797 1007 tenendum
821 952 870 1008 est
893 944 1055 1026 catalogos
1079 955 1112 1009 et
1136 944 1235 1008 Plinii

155 1055 189 1110 et
211 1045 382 1111 clementis
405 1045 561 1126 congestis
593 1047 727 1111 diuersis
750 1048 948 1111 diuersorum
972 1054 1136 1111 auctorum
1160 1065 1236 1110 sen-

154 1149 263 1213 tentiis
286 1167 354 1214 esse
376 1149 576 1229 compositos.
599 1186 642 1194 —

239 1251 278 1332 ἐξ
304 1253 430 1318 18-20
455 1250 529 1332 ,,ναί
557 1250 619 1338 μὴν
652 1253 778 1338 Θρᾷκες
809 1255 934 1337 πρῶτον
957 1249 1013 1337 τὴν
1035 1246 1238 1335 καλουμένην

153 1347 260 1438 ἅρπην
287 1345 379 1439 εὗρον
409 1389 451 1398 -
482 1349 551 1416 ἔστι
575 1352 611 1416 δὲ
632 1349 777 1439 μάχαιρα
798 1350 1009 1440 καμπύλη-
1030 1352 1087 1417 καὶ
1104 1357 1235 1436 πρῶτον

154 1455 290 1531 πέλταις
325 1453 383 1520 ἐπὶ
412 1456 475 1519 τῶν
506 1456 624 1519 ἵππων
661 1451 846 1542 ἐχρήσαντο.
877 1451 1001 1540 ὁμοίως
1032 1455 1068 1519 δὲ
1097 1456 1154 1521 καὶ
1172 1449 1235 1520 Ἰλ-

154 1554 257 1643 λυριοι
280 1555 337 1643 τὴν
358 1558 556 1643 καλουμένην
588 1556 709 1642 πέλτην
730 1555 888 1643 ἑξεῦρον.“

238 1663 257 1744 ξ
281 1663 331 1740 18,
364 1681 543 1743 quanquam
566 1663 749 1728 testimonia
771 1664 895 1743 desunt,
925 1669 1029 1727 tamen
1054 1663 1135 1726 satis
1158 1680 1234 1725 con-

154 1763 300 1829 firmatur
321 1765 371 1828 his
393 1765 487 1829 locis:
511 1767 666 1829 Artemid.
688 1766 777 1829 1132
801 1760 849 1844 „ei
871 1762 931 1847 μὲν
948 1761 1054 1849 Θρᾳκὶ
1076 1760 1236 1828 nonacrim

143 1868 218 1946 ἀς,
248 1863 388 1952 λήψεται
416 1869 552 1948 γυναῖκα
584 1862 744 1930 πλουσίαν
775 1864 831 1929 καὶ
854 1869 1035 1951 πανοῦργον
1056 1864 1112 1930 καὶ
1135 1864 1235 1952 φιλό-

155 1990 302 2054 πρωτον·
327 2021 335 2034 .
358 2022 366 2037 .
389 2020 396 2034 .
419 2019 427 2033 .
451 1969 633 2053 πανοῦργον
651 1967 688 2032 δὲ·
710 1966 766 2032 διὰ
788 1967 825 2031 τὸ
847 1966 900 2054 μη
924 1960 1058 2049 ὀρθὸν
1081 1963 1164 2048 ἥμιν
1186 1968 1234 2033 τὸ

101 2150 103 2155 Ι
156 2068 330 2157 ξίφος..
348 2075 392 2150 .“;
416 2072 506 2153 Corp.
529 2073 658 2152 glossar.
682 2072 737 2136 lat.
761 2073 811 2135 ed.
833 2073 937 2136 Lnew.
959 2076 993 2136 et
1015 2070 1128 2136 Goetz.
1149 2072 1235 2137 1888

154 2176 188 2238 II
211 2195 242 2256 p.
266 2176 327 2240 183
350 2176 435 2256 „sica
457 2173 618 2260 θρηνοικὸν
642 2170 739 2260 ξίφος
762 2169 978 2257 ἐπικαμπέςιί.

241 2278 259 2359 §
284 2279 322 2342 19
338 2297 384 2359 sq.
415 2279 596 2343 testimonia
626 2297 685 2341 non
719 2278 888 2357 indagaui;
920 2286 1030 2343 contra
1053 2277 1233 2342 Thracibus

153 2381 258 2461 potius
280 2382 411 2446 inuenta
433 2381 503 2462 ipsa
526 2377 629 2465 πέλτη
651 2381 860 2444 adscribenda
882 2378 978 2445 fuisse
996 2380 1131 2460 uidetur,
1153 2381 1233 2458 quia

153 2483 336 2564 saepissime
351 2483 402 2548 nel
418 2485 489 2565 ipsa
503 2482 701 2564 significatur
717 2483 862 2560 Thracia,
886 2482 936 2545 uel
953 2490 1230 2563 commemoratur,

154 2605 224 2650 curn
248 2587 288 2649 de
319 2587 495 2652 Thracibus
526 2605 628 2650 sermo
652 2595 720 2649 est:
753 2584 871 2650 Herod.
895 2584 1133 2663 V11753Eur.
1159 2583 1229 2648 Alc.

150 2689 231 2768 498;
264 2687 301 2753 fr.
325 2689 435 2766 369N3
467 2689 628 2769 Aristoph.
662 2688 734 2769 Lys
766 2687 846 2766 5633
882 2689 959 2752 Aah.
997 2687 1110 2768 160n3
1145 2687 1225 2752 Xen.

155 2810 245 2856 mem.
261 2790 309 2854 111
332 2793 362 2872 9,
377 2792 416 2871 2;
439 2791 529 2855 Dion.
553 2801 618 2855 ant.
639 2790 728 2854 Rom.
752 2791 782 2853 11
807 2790 862 2869 703
886 2790 1022 2872 Hesyoh.
1045 2809 1070 2855 s.
1095 2786 1228 2873 πέλτης.

155 2892 259 2957 Multa
282 2895 363 2957 enirn
380 2894 565 2957 heuremata
580 2913 597 2958 e
613 2892 783 2973 gentiliciis
799 2893 965 2956 adiectiuis
981 2893 1126 2957 deriuata
1143 2900 1231 2970 sunt,

155 3014 235 3077 quae
271 2997 358 3076 apud
399 3000 511 3075 poetas
554 2995 786 3076 scriptoresque
823 2995 1014 3059 uetustiores
1051 2994 1230 3057 nominibus

156 3117 262 3162 rerum
294 3099 441 3179 apposita
477 3096 677 3177 legebantur,
712 3134 752 3141 -
793 3098 880 3161 cuius
915 3098 999 3161 modi
1033 3097 1228 3160 luculentum

155 3202 285 3282 praebet
309 3201 482 3281 exemplum
508 3199 621 3264 Strabo
643 3199 717 3263 XIV
740 3201 769 3279 2,
792 3200 832 3264 27
849 3201 880 3280 8)
901 3239 932 3246 -
959 3207 992 3264 et
1014 3218 1048 3263 re
1069 3217 1147 3263 uera
1167 3214 1228 3260 non

245 3407 274 3485 l)
303 3409 498 3484 Theophrasti
530 3428 637 3466 nomen
674 3408 801 3467 auctoris
831 3408 907 3483 apud
939 3408 1029 3466 (ilem.
1061 3428 1121 3465 non
1164 3427 1230 3465 ease

40 3505 41 3508 ’
156 3498 326 3553 adnotatum
349 3515 383 3552 eo
407 3494 581 3572 explicatur,
604 3495 682 3572 quod
706 3494 769 3568 ipse
792 3495 871 3551 inter
892 3494 990 3552 fontes
1012 3500 1038 3551 A
1062 3493 1228 3569 corpusculi

156 3583 221 3639 filli·
243 3667 274 3741 2)
305 3665 347 3723 Of.
378 3665 573 3723 doctissimam
607 3664 749 3721 Lobeclrii
787 3664 1031 3737 disputationem:
1068 3660 1227 3744 Αμλοομλ.

156 3774 185 3828 p.
215 3756 295 3810 1156
312 3771 386 3829 sqq„
417 3752 496 3808 unde
518 3749 606 3808 etiam
629 3756 726 3808 cetera
749 3751 784 3806 de
806 3749 885 3808 forro
908 3769 926 3807 a
948 3748 1081 3826 Dactylis
1105 3751 1228 3806 inuento

157 3837 326 3897 testimonia
347 3845 463 3913 repetas
487 3854 605 3914 quaeso.

243 3922 274 4000 3)
296 3923 340 3981 uf.
371 3921 483 3981 Herod.
514 3922 530 3979 Ι
566 3923 632 3993 171,
656 3927 688 3991 4;
721 3919 799 3979 Plin.
831 3940 858 3977 n.
889 3922 918 3980 h.
950 3921 1008 3978 VII
1039 3925 1118 3991 2005
1147 3920 1227 3978 Plut.
