2782 4642
592 345 802 411 „44-

155 507 337 593 δακτύλοις,
367 510 452 579 aad
472 511 586 601 μέτρα,
624 512 709 579 aad
731 509 877 598 σταθμά,
910 513 928 578 7
952 511 994 578 τὰ
1015 509 1155 578 ταιτινιύ
1177 511 1238 579 καὶ

155 610 320 697 πολεμικά
341 615 529 682 Palamedes
551 617 718 683 Euboicus.
756 618 776 684 8
798 614 855 704 τὴν
877 611 1011 701 ποίησιν
1033 635 1112 682 εσσε
1135 635 1235 699 quae·

154 718 241 782 dam.
276 717 297 782 9
327 716 366 783 τδ
396 714 563 797 χαλκεύειν
585 719 746 802 Cyclopea.
785 719 827 784 10
855 715 912 805 τὴν
933 713 1111 805 ἁλουργίδα
1133 719 1236 804 Tyrii.

157 821 195 884 11
218 817 276 907 τὴν
297 815 453 904 γεωργίαν
474 829 507 886 et
531 823 571 888 12
592 818 649 909 τὴν
671 815 849 907 ναυπηγίαν
872 820 1090 887 Athenienses.
1133 822 1176 887 13
1197 820 1236 888 τι)

155 924 318 1006 μυεῖσθαι
340 923 488 989 Tm'aces,
526 924 568 990 14
588 921 627 988 τδ
647 918 741 988 θύειν
771 923 924 989 Chaldaei
953 930 1010 989 aut
1039 922 1158 1006 Cyprii.
1197 922 1242 988 15

52 1086 59 1099 ,
154 1022 193 1089 τδ
215 1017 431 1111 ἀστρονομεῖν
453 1024 627 1108 Babylonii.
661 1026 701 1092 16
723 1023 761 1090 τδ
784 1028 977 1111 γεωμετρεῖν
1000 1024 1160 1108 Aegyptii.
1194 1027 1236 1090 ll

155 1125 195 1192 τδ
219 1123 368 1213 μαγείαν
390 1126 516 1192 Persae.
535 1129 574 1194 18
597 1124 653 1214 τὴν
675 1119 715 1191 δι)
733 1120 865 1214 ὀνείρων
883 1123 1040 1214 μαντικήν
1055 1127 1236 1193 Telmesos-

155 1248 217 1296 ses.
241 1232 281 1295 19
303 1228 361 1317 aly
383 1223 589 1316 οἱωνιοτικήν
612 1229 767 1312 Phryges

238 1334 306 1399 Iam
335 1333 460 1410 singula
488 1332 748 1414 percenseamus!
793 1333 899 1412 Atque
930 1333 962 1397 in
994 1333 1013 1415 ἓ
1045 1334 1079 1410 1,
1111 1332 1143 1397 in
1173 1352 1237 1416 qua

156 1433 329 1517 Gregorius
351 1455 371 1500 a
392 1433 585 1517 reliquorum
608 1434 862 1500 Christianorum
894 1434 1047 1515 catalogis
1077 1434 1237 1500 dissidens

153 1538 237 1602 inter
258 1537 438 1602 litterarum
453 1536 634 1601 incentores
650 1538 825 1619 Aegyptios
848 1555 972 1618 quoque
995 1543 1150 1615 numerat,
1173 1557 1236 1602 uon

154 1641 248 1707 modo
269 1640 348 1706 alios
371 1638 497 1720 multos,
519 1639 576 1705 sed
598 1638 763 1705 Platonem
785 1639 937 1721 (Phaedr.
958 1659 988 1720 p.
1005 1640 1103 1714 274⁰)
1128 1642 1236 1721 ipsum

155 1748 270 1808 testem
294 1742 400 1808 habet.
443 1742 493 1806 Ea
514 1748 736 1823 actamquae
758 1743 799 1806 de
815 1741 1034 1808 Hebraeorum
1056 1743 1183 1807 nomine
1202 1748 1237 1807 et

152 1844 258 1926 legum
282 1844 393 1911 tabula
415 1843 469 1927 (cf.
491 1844 607 1910 Euseb.
629 1863 676 1926 pr.
694 1863 742 1908 eu.
764 1844 793 1908 X
814 1847 844 1923 5,
867 1846 902 1929 2)
925 1845 1070 1926 catalogo
1091 1845 1237 1924 inseruit,

156 1949 197 2011 ad
221 1949 290 2013 eius
312 1948 412 2029 ipsius
433 1966 549 2028 penum
566 1948 728 2012 doctrinae
745 1947 946 2013 Christianae
968 1946 1134 2015 referenda
1149 1955 1233 2012 sunt.

241 2050 280 2132 ἐξ
296 2051 378 2115 2-7
395 2049 575 2116 Palamedis
590 2049 721 2114 inuenta
736 2051 923 2131 saepissime
938 2056 1236 2130 commemorantur,

153 2152 309 2235 cuncta1)
325 2152 634 2232 comprehenduntur
648 2170 698 2233 ap.
714 2150 809 2233 Gorg.
826 2151 947 2218 Palam.
963 2154 1005 2219 30
1021 2151 1060 2250 cf.
1076 2152 1232 2218 Alcidam.

154 2251 270 2336 Odyss.
294 2254 354 2336 22;
384 2253 463 2319 Plin.
488 2273 516 2319 n.
539 2252 570 2318 h.
593 2254 655 2319 VII
679 2255 739 2320 198
763 2260 797 2320 et
818 2255 899 2337 2023
930 2255 1077 2320 Philostr.
1101 2255 1168 2320 her.
1193 2255 1237 2321 10

153 2375 184 2438 p.
209 2355 271 2420 176
286 2375 354 2439 sqq.
386 2358 496 2438 Kays.;
529 2356 948 2438 Sch01.Eur.0r.432¹).
982 2395 1023 2403 —
1055 2356 1139 2420 Num
1169 2356 1234 2421 iam

152 2510 358 2522 ———

242 2614 271 2686 1)
295 2614 425 2677 Quartae
455 2616 574 2694 quidem
598 2612 614 2693 5
637 2616 839 2676 testimonium
869 2615 979 2675 frustra
1007 2614 1151 2694 quaesiui,
1182 2617 1233 2674 sed

153 2691 187 2758 τδ
211 2700 378 2776 λογίζεσθαι
400 2693 558 2769 δακτύλοις
585 2721 652 2760 cum
676 2702 848 2760 numerandi
870 2710 942 2774 arte,
975 2720 1051 2781 quae
1073 2703 1232 2778 praecedit,

155 2786 229 2844 adeo
254 2791 412 2860 cognatum
435 2792 487 2858 est,
517 2791 552 2844 ut
573 2786 604 2844 in
628 2805 662 2844 eo
685 2806 746 2845 non
769 2787 969 2846 offendamus:
1000 2787 1036 2846 of.
1059 2787 1136 2846 Plat.
1158 2787 1232 2863 reip.

156 2870 215 2930 VII
236 2890 264 2946 p.
289 2875 368 2944 522;
391 2871 516 2929 Phaedr.
540 2890 569 2947 p.
593 2873 682 2931 274⁰.
705 2904 747 2915 —
770 2872 814 2930 De
829 2872 961 2931 inuentis
983 2871 1150 2930 Palamedis
1166 2873 1234 2932 doo-

151 2955 267 3015 tissime
290 2957 454 3032 disputauit
474 2956 600 3016 Iahnius
622 2954 749 3020 Palam.
777 2961 856 3016 1836
879 2977 908 3034 p.
933 2962 972 3016 28
989 2976 1054 3038 sqq.

240 3040 272 3118 2)
295 3040 463 3116 Quaeritur,
485 3043 556 3121 quid
572 3044 760 3113 iudicandum
784 3043 823 3103 sit
839 3045 874 3102 de
890 3045 942 3117 eis,
965 3063 1040 3123 quae
1056 3042 1233 3103 scholiastae

153 3125 267 3202 (Noun.
290 3129 368 3186 Abb.
392 3130 408 3185 Ι
431 3132 471 3185 62
487 3130 565 3208 sqq.)
596 3131 640 3188 ad·
665 3129 800 3204 Gregorii
830 3130 995 3204 catalogum
1023 3129 1233 3188 illustrandum

152 3212 318 3287 proferunt.
362 3212 537 3294 Quanquam
567 3216 711 3274 nonnulla
741 3233 779 3273 ex
808 3215 874 3291 ipsa
902 3213 1032 3274 auctoris
1062 3214 1233 3274 narratione

154 3297 290 3356 deriuata
313 3318 376 3358 esse
398 3300 547 3373 uidentur,
569 3302 663 3359 maior
684 3305 781 3358 tamen
797 3317 866 3375 pars
888 3318 989 3358 eorum
1005 3319 1021 3358 e
1036 3298 1240 3375 peculiaribus⁴

153 3381 290 3443 fontibus
311 3385 410 3446 fluxit.
454 3387 650 3446 Inuentorum
677 3402 748 3443 uero
772 3385 955 3444 conlectione
977 3404 1038 3443 non
1060 3403 1124 3443 essa
1145 3404 1234 3443 usum

153 3469 342 3529 scholiastam
363 3470 501 3543 arbitror,
529 3471 619 3529 immo
651 3471 730 3528 inter
751 3469 825 3528 alios
854 3471 952 3529 fontes
973 3469 1049 3529 libro
1072 3469 1173 3548 aliquo
1196 3471 1234 3531 de

155 3555 339 3613 diuinatione
370 3556 553 3632 composito,
589 3574 647 3633 quo
678 3554 871 3613 diuinatiouis
901 3560 1016 3631 partes,
1050 3555 1233 3627 inuentores,

153 3640 312 3716 scriptores
334 3641 499 3715 consignati
527 3642 648 3702 fuerint.
692 3641 775 3699 Haec
806 3641 843 3698 ad
865 3630 1043 3718 εύριγμύτων
1065 3640 1233 3715 catalogum

154 3725 266 3784 scholia
287 3725 350 3784 iere
373 3727 470 3784 omnia
491 3725 597 3785 Suidas
618 3728 650 3785 in
672 3747 759 3785 usum
781 3746 866 3786 suum
888 3727 1035 3786 conuertit
1058 3726 1107 3806 (de
1128 3745 1233 3786 neces·

153 3809 292 3883 situdiue,
314 3829 389 3889 quae
405 3810 525 3869 fluidam
539 3812 618 3871 inter
633 3820 664 3872 et
678 3813 779 3870 Nonni
796 3812 846 3893 qui
863 3812 970 3872 dicitur
984 3813 1125 3873 historias
1139 3813 1233 3873 inter·

153 3895 240 3967 cedit,
270 3896 305 3954 cf.
328 3895 496 3970 Patzigium
524 3896 543 3956 l.
566 3895 669 3976 [supra
691 3916 719 3972 p.
745 3901 763 3954 9
788 3899 853 3956 adn.
877 3897 911 3976 2]
935 3899 955 3958 l.
978 3920 1006 3976 p.
1032 3899 1100 3976 23);
1131 3904 1236 3958 tamem
