2782 4642
578 317 791 382 -38-

145 487 226 553 mico
255 486 329 553 huic
351 487 469 569 populo
492 489 600 554 sedem
622 487 826 570 prospiceret,
857 506 927 553 cum
949 487 1075 555 Noricis
1097 507 1217 571 compo·

145 590 220 670 suit,
241 588 360 671 quippe
382 590 436 672 qui
458 609 520 655 nou
542 590 643 656 solum
665 592 734 656 soni
747 591 954 658 similitudine
968 594 1107 674 quadam
1123 593 1217 657 nomi-

144 693 203 772 nis,
233 693 290 758 sed
319 694 416 758 etiam
446 693 646 758 metallorum
678 692 844 759 feracitate
866 693 949 759 ultro
972 712 1041 760 sese
1062 695 1217 761 offerrent.

147 795 279 860 Ferrum
302 796 384 861 enim
399 795 549 862 Noricum
573 796 815 861 usitatissimum
838 794 936 861 fuisse
958 802 991 861 et
1013 797 1219 879 praestantis·

145 898 260 963 simum
282 898 486 964 aestimatum
508 916 580 964 esse
602 903 763 962 testantur
786 898 862 963 Hor.
878 899 1005 964 carml
1028 899 1078 978 16,
1102 901 1141 980 9;
1163 901 1219 965 Ou

144 1005 218 1065 met
250 1001 327 1066 XIV
350 1003 431 1081 7113
460 1001 564 1067 Strab.
589 1001 616 1065 V
647 1002 675 1080 1,
708 1000 746 1082 83
774 1000 853 1067 Plim
884 1022 913 1068 n.
938 1001 968 1068 h.
992 1001 1128 1068 XXXIV
1152 999 1220 1068 145.

143 1102 246 1168 Simili
274 1110 381 1169 autem
412 1106 504 1168 modo
526 1103 643 1189 νῶροψ
664 1105 704 1167 de
735 1100 894 1189 Νώρακος
923 1105 1040 1188 oppido
1062 1104 1221 1170 Pannoni-

143 1222 234 1270 orum
257 1205 419 1271 deriuauit
441 1206 681 1288 Epaphroditus
702 1224 753 1287 ap.
776 1205 884 1287 Stepb.
908 1224 932 1271 s.
955 1201 1041 1292 Νώρ.
1063 1243 1107 1253 -

231 1310 250 1392 ἓ
272 1309 311 1374 31
337 1302 499 1393 ,ζἈμααός
521 1331 555 1371 τε
578 1303 597 1372 ὁ
620 1304 796 1394 Βεβρύκων
816 1307 971 1392 βασιλεὺς
1000 1304 1138 1393 ἱμάντας
1161 1334 1222 1375 πυ-

146 1408 277 1487 κτικοὺς
298 1413 431 1493 πρῶτος
452 1399 572 1496 εὗρεν.“
615 1412 704 1476 Idem
736 1412 822 1493 apud
852 1411 955 1477 Schol.
978 1412 1060 1477 Plat.
1083 1432 1114 1495 p.
1138 1413 1221 1477 94211

147 1515 187 1580 14
210 1514 314 1579 Turio.
337 1515 492 1596 Amycum
522 1514 585 1578 iam
616 1514 703 1594 apud
725 1513 916 1579 uetustiores
938 1515 1104 1597 pugilandi
1126 1515 1222 1581 laude

145 1616 291 1682 floruisse
312 1616 405 1681 testis
428 1622 478 1681 est
500 1616 593 1681 Plato
615 1615 675 1696 leg.
691 1615 753 1680 VII
775 1635 806 1698 p.
822 1618 903 1683 796⁸
925 1616 964 1683 cf.
980 1616 1128 1697 Apollod.
1145 1617 1221 1683 bibl.

143 1721 159 1784 Ι
181 1721 211 1798 9,
232 1719 284 1783 20.
328 1716 487 1782 Heurema
509 1725 616 1784 autem
639 1717 769 1784 linxisse
792 1719 870 1784 mihi
885 1720 1014 1785 uidetur
1028 1719 1221 1785 heuremati-

144 1840 200 1887 cus
234 1821 338 1886 nescio
371 1821 442 1900 quis
470 1840 507 1884 ex
538 1821 606 1886 loco
635 1821 772 1902 quodam
790 1812 1052 1904 Ἀργοναυτικῶν
1073 1822 1222 1887 carminis

59 1964 67 1992 t
143 1924 287 2005 alicuius,
310 1922 399 1989 uelut
420 1943 458 1988 ex
480 1923 584 2006 Apoll.
608 1923 668 1988 Rh.
690 1923 723 1987 II
745 1923 786 1988 57
802 1942 880 2005 sqq,
903 1924 957 1989 ubi
988 1924 1128 2009 Amycus
1150 1941 1221 1988 cum

1 2025 2 2032 ’
31 2020 72 2059 '²²'
143 2026 271 2091 Polluce
294 2027 496 2108 pugilaturus
519 2027 615 2092 haec:
649 2024 760 2105 ,δαεὶς
792 2024 830 2091 δέ
860 2048 915 2090 κεν
949 2022 1037 2111 dttp
1061 2023 1221 2108 ἐνίσποις,

144 2122 246 2195 ὅσσον
267 2125 330 2212 ἐγώ
351 2124 457 2214 ῥινούς
478 2152 513 2194 τε
527 2132 615 2212 βοῶν
637 2125 715 2216 περί
736 2121 768 2213 y'
786 2125 854 2213 εἰμὶ
876 2128 1043 2212 ταμέσθαι
1067 2121 1219 2210 ἀζαλέας,

147 2223 273 2317 ἀνδρῶν
293 2254 328 2295 τε
351 2226 514 2318 παρηίδας
536 2232 652 2315 αἵματι
677 2234 820 2317 φῦρσαιιι
842 2231 896 2315 (cf.
918 2233 1024 2298 Valer.
1048 2232 1152 2298 Flacc.
1176 2231 1221 2298 IV

143 2335 223 2413 250;
247 2335 346 2416 Orph.
370 2340 444 2416 Arg.
467 2335 554 2418 661).
599 2335 680 2401 Nam
712 2336 739 2400 si
772 2335 805 2399 id
835 2336 939 2418 ipsum
972 2335 1092 2417 apertis
1114 2334 1221 2400 uerbis

143 2438 208 2502 iam
231 2439 263 2502 in
287 2438 513 2503 uetustioribus
531 2429 660 2523 Ἄργον.
684 2437 875 2503 carminibus
891 2454 1073 2520 expressum
1095 2435 1221 2516 fuisset,

143 2541 210 2606 sine
231 2541 329 2605 dubio
352 2559 391 2605 ne
413 2541 597 2623 Apollonius
620 2542 748 2623 quidem
770 2541 964 2606 occasionem
988 2539 1220 2623 praetermisis-

143 2651 194 2709 set
216 2643 370 2725 Amycum
393 2643 545 2707 laudandi
569 2642 776 2708 inuentorem.
821 2642 931 2725 Neque
953 2643 1035 2708 enim
1052 2641 1221 2707 heurema·

144 2747 263 2812 tici-
287 2757 322 2810 ut
345 2763 454 2809 rursus
476 2747 517 2810 ad
542 2745 696 2811 rationem
720 2762 828 2809 eorum
850 2745 1092 2810 describendam
1116 2743 1221 2827 digre-

144 2849 216 2913 dior
237 2886 279 2894 —
301 2847 368 2912 sola
390 2848 521 2912 inuenta
543 2848 613 2930 ipsa
643 2867 660 2911 e
690 2847 780 2912 libris
810 2849 1022 2912 uetustiorum
1053 2851 1221 2912 auctorum

143 2955 367 3033 excerpserunt
382 2949 543 3031 (utsupra
559 2969 588 3030 p.
607 2951 647 3015 13
660 2952 733 3032 sq),
749 2949 928 3030 sedetiam,
944 2949 1034 3014 cuius
1048 2948 1094 3012 rei
1110 2949 1220 3014 inuen-

143 3061 244 3119 torem
278 3071 338 3117 non
371 3061 577 3135 reppererant
612 3053 785 3133 traditum,
817 3070 876 3133 per
909 3050 1034 3116 litteras
1066 3051 1221 3133 indagare

145 3155 326 3236 studebant,
350 3156 403 3220 ubi
427 3156 562 3236 primum
586 3160 759 3220 memorata
781 3159 883 3235 esset;
915 3160 947 3220 et
972 3173 1065 3236 quem
1088 3153 1141 3218 uel
1161 3150 1220 3235 po·

144 3256 253 3340 pulum
276 3258 328 3323 uel
350 3260 508 3324 bominem
532 3259 792 3340 ¹antiquissimum
823 3257 917 3322 istam
946 3276 1013 3322 rem
1036 3256 1221 3322 adhibuisse

144 3361 213 3425 siue
235 3360 413 3426 exercuisse
435 3361 496 3426 sibi
523 3367 758 3442 persuaserant,
788 3378 858 3424 eum
881 3367 1001 3425 temere
1023 3360 1220 3425 inuentorem

9 3456 12 3461 ’
143 3465 310 3531 uenditare
332 3465 486 3530 solebant.
531 3463 601 3528 Hac
622 3464 745 3528 ratione
774 3481 809 3527 se
831 3463 1031 3545 quaestiones
1054 3462 1220 3528 heurema-

143 3569 224 3634 ticos
247 3568 424 3633 instituisse
446 3569 515 3648 ipse
544 3566 673 3631 disertis
704 3565 811 3631 uerbis
840 3563 1009 3631 confitetur
1031 3563 1111 3629 Plin.
1134 3584 1165 3628 n.
1189 3563 1220 3629 b.

142 3670 348 3752 uultures,
369 3678 467 3753 atque
491 3670 551 3737 hac
575 3669 701 3751 quidem
726 3670 779 3734 uia
800 3661 938 3754 ὡραία
962 3669 1097 3749 gloriam
1113 3665 1222 3730 nancti

143 3784 217 3842 sunt
232 3773 407 3840 Nausicaa:
425 3773 540 3839 Athen.
556 3773 573 3837 I
588 3792 618 3855 p.
635 3771 711 3850 14⁶;
734 3771 889 3836 Theseus:
906 3771 985 3836 Plin.
999 3790 1027 3835 n.
1038 3768 1069 3834 h.
1082 3768 1143 3836 VII
1154 3768 1219 3835 202

143 3875 182 3942 cf.
205 3878 288 3944 Plut.
310 3876 402 3941 Thes.
425 3877 476 3956 29,
500 3877 536 3958 9;
560 3877 816 3958 Argonautarum
839 3873 981 3939 nonnulli
1003 3872 1129 3953 aliique.
1152 3872 1221 3936 Ita·
