2782 4642
587 334 801 401 ..63-

155 501 370 577 instrumenta
391 502 543 585 pleraque
558 500 654 582 fonte,
677 522 716 568 ex
731 513 792 584 quo
807 504 977 583 hausisset,
999 522 1059 569 non
1074 504 1240 587 patefacto

154 623 195 669 ex
216 603 432 670 heurematico
456 603 629 671 Clementis
651 606 896 671 armamentario
912 613 1075 672 mutuatus
1090 614 1149 672 est.
1172 608 1235 673 Sed

154 723 227 771 cum
250 707 419 771 molestum
449 706 492 770 sit
521 724 573 771 res
594 708 682 790 ipsas
704 726 883 791 recoquere,
915 727 1061 775 numeros
1082 728 1237 792 paragra·

152 808 289 890 phorum
328 808 594 874 clementinorum
635 828 798 877 recensere
832 816 864 875 et
896 811 965 876 sola
995 818 1108 877 notatu
1138 812 1236 894 digna

155 911 385 977 transscribere
407 911 487 977 satis
511 912 620 978 habeo.

240 1013 408 1095 Excerpsit
430 1013 528 1095 igitur
542 1014 639 1081 baec:
662 1034 692 1097 p.
709 1014 789 1095 553,
812 1017 831 1082 l.
841 1016 884 1081 24
894 1034 962 1100 sqq.
981 1036 1020 1082 ex
1036 1018 1132 1084 (ilem.
1148 1017 1188 1099 ἐξ
1203 1019 1238 1096 5,

156 1119 186 1199 6,
210 1116 239 1194 7,
264 1120 312 1197 10,
337 1117 392 1196 14;
426 1154 466 1163 -
494 1117 514 1181 i.
538 1117 579 1183 28
615 1113 849 1204 »φυσιολογίαν
873 1116 911 1183 δὲ
930 1111 1095 1183 Ἀλκαίων
1117 1118 1190 1201 (sic)
1215 1114 1235 1184 ὃ

155 1214 327 1303 Περίθουίι
360 1218 517 1285 51015111.
539 1220 632 1302 §503
655 1220 675 1286 l.
692 1220 734 1285 29
761 1218 1007 1308 ,γραμματικὴν
1029 1215 1048 1285 6
1071 1219 1237 1306 Μύκηθεν·

155 1313 525 1407 (515)Ἀπυλλόδωρος“
556 1341 595 1386 ex
617 1321 714 1388 (ilem.
747 1323 846 1405 §663
877 1327 1027 1388 secuntur
1053 1342 1084 1403 p.
1107 1320 1181 1404 553,
1212 1323 1233 1387 l.

154 1424 282 1491 29-33
313 1441 416 1506 pauca
453 1425 492 1489 de
529 1425 786 1506 philosophorum
825 1425 1002 1491 scholarum
1039 1424 1235 1503 auctoribus,

155 1545 245 1608 quae,
278 1526 336 1591 nisi
359 1525 442 1593 forte
465 1527 648 1592 tritissimas
676 1527 736 1593 has
763 1547 814 1593 res
843 1530 996 1593 memoria
1026 1528 1165 1607 tenebat,
1194 1546 1234 1592 ex

156 1631 266 1696 codem
283 1630 378 1696 Olsm.
401 1630 481 1694 libro
497 1633 661 1696 desumere
683 1631 713 1696 ei
736 1632 843 1716 licuit:
866 1640 974 1696 strom.
991 1633 1008 1697 I
1026 1633 1074 1712 14,
1096 1630 1233 1697 62-64.

240 1732 372 1810 Deinde,
393 1741 561 1814 postquam
576 1732 807 1815 aliquantulum
824 1739 961 1816 nugatus
978 1740 1037 1816 cst,
1061 1735 1111 1799 his
1126 1734 1236 1798 uerbis

154 1838 194 1900 ad
219 1834 405 1900 heuremata
428 1834 530 1899 redit:
552 1855 584 1918 p.
599 1832 684 1917 554,
707 1837 749 1901 32
771 1834 930 1916 „stoacio
952 1834 1014 1920 μὲν
1037 1835 1094 1901 καὶ
1114 1830 1134 1923 q
1152 1841 1233 1924 Τυρ·
1344 1826 1349 1834 ’

155 1936 256 2025 ρηνιῖν
277 1936 418 2020 γλῶσσα,
440 1933 498 2023 τὴν
521 1931 687 2022 σάλπιγγα
718 1933 861 2021 πρώτως
883 1933 1117 2025 ἐπινοήσασαιι,
1148 1958 1230 2021 quae

154 2042 182 2105 ei
205 2041 460 2105 subministrauit
484 2039 579 2105 (ilem.
603 2041 622 2123 ς
647 2042 696 2106 11.
740 2041 807 2107 Noc
838 2042 1125 2122 praetermittenda
1147 2048 1236 2120 sunt,

153 2161 234 2224 quae
265 2142 317 2207 his
347 2143 505 2224 adnectit,
542 2160 612 2207 cum
645 2143 691 2208 cis
726 2143 975 2210 luculentissime
1015 2143 1234 2226 compilatoris

153 2245 353 2324 neglegentia
368 2244 561 2310 illustretur:
584 2243 686 2333 ,καλὴ
700 2242 748 2328 δὲ,
770 2246 826 2324 ait,
848 2240 938 2333 καὶὴ
958 2249 1093 2330 Φρυγῶν
1107 2268 1231 2332 ττροαυ·

153 2344 278 2435 λήσασα
300 2347 413 2429 (Ciam.
428 2348 447 2430 ξ
464 2349 528 2430 12),
550 2341 570 2434 ἥ
591 2370 626 2412 τε
644 2340 831 2435 Ἀσσυρίων
853 2344 1048 2433 ἐξευραμένη
1069 2346 1107 2426 τὸ
1124 2344 1232 2433 δίχορ-

153 2451 208 2518 δον
239 2453 272 2535 (ξ
294 2453 361 2534 26),
391 2449 448 2516 καί
477 2447 496 2538 ἦ
525 2451 652 2517 Μυσῶν
681 2449 737 2539 τὴν
760 2447 889 2517 Λύδιον
919 2447 1077 2536 ἁρμονίαν
1108 2452 1142 2534 (ξ
1164 2451 1234 2532 32),

152 2553 209 2620 καὶ
230 2553 286 2642 τὴν
308 2550 474 2643 φόρμιγγα
503 2549 523 2641 ι)
547 2550 698 2642 Σικελική
720 2553 753 2638 (ξ
775 2555 841 2637 46),
873 2552 931 2619 καὶ
959 2550 1015 2641 τὴν
1044 2545 1233 2638 κιθοίρανίγ

155 2653 304 2743 Μιλησία
319 2695 362 2704 -
383 2657 494 2738 (Clam.
519 2658 537 2739 ξ
558 2657 601 2722 58
624 2657 770 2722 exhibet:
800 2652 939 2741 ,νόμους
953 2679 988 2720 τε
1004 2655 1137 2741 πρῶτος
1151 2645 1229 2742 ᾖσεν

153 2757 186 2825 ἐν
214 2763 302 2847 χορῷ
329 2758 386 2825 καί
413 2754 542 2846 κιθάρᾳ
567 2755 733 2843 Τιμόθεος
764 2754 777 2824 c‘
812 2754 1015 2844 Mclr'ucoc“)
1038 2795 1080 2806 —
1108 2754 1232 2841 ἵναμὴ

152 2861 207 2928 τὸν
225 2858 422 2949 Στησιχόρου
436 2855 536 2946 ίμνον
558 2863 592 2946 (ξ
607 2864 674 2946 54),
696 2860 752 2927 καί
774 2861 831 2951 τὴν
846 2857 1008 2948 Ἱμεραίου
1020 2854 1159 2948 χορείαν,
1174 2855 1230 2922 καί

152 2964 208 3054 τὴν
228 2961 408 3051 ὑπόρχησιν
426 2957 661 3049 Ἀνακρέοντος
690 2968 737 3052 τῷ
768 2961 853 3051 λόγῳ
876 2965 1138 3049 παρεισκυκλῶ.“
1182 2965 1231 3030 Ex

151 3068 202 3135 his
224 3070 296 3149 duo,
327 3087 408 3150 quae
437 3076 598 3151 postremo
625 3069 692 3135 locu
722 3071 934 3152 nominantur,
964 3070 1095 3136 inuenta
1124 3069 1234 3137 uerbis¹

153 3170 324 3236 Clementis
355 3170 494 3236 confusis
522 3169 667 3253 falsoque
695 3172 907 3254 interpunctis
939 3174 1010 3255 ipse
1032 3171 1134 3255 finxit,
1156 3192 1229 3239 nam

152 3272 204 3338 ille
226 3273 305 3339 haec
327 3274 454 3340 scribit:
486 3275 523 3357 ἓξ
545 3273 589 3340 54
603 3293 671 3358 sqq.
693 3267 814 3358 ,ίμνον
839 3271 1038 3362 Στησίχορος
1054 3269 1227 3360 Ἱμεραῖος,

153 3413 194 3423 -
212 3373 342 3463 χορείαν
359 3369 509 3461 Ἀλκμὰν
524 3373 801 3461 Λακεδαιμόνιος,
824 3375 865 3442 τὰ
882 3374 1021 3466 ἐρωτικὰ
1041 3370 1233 3465 Ἀνακρέων

156 3473 262 3566 Τήϊος,
277 3517 319 3525 -
333 3474 513 3567 ὑπόρχησιν
535 3475 703 3563 Πίνδαρος
721 3481 876 3566 Θηβαῖος,
893 3484 967 3545 -.“
989 3481 1132 3564 Denique
1147 3499 1229 3564 quae

152 3599 212 3646 non
235 3582 333 3647 multu
356 3590 430 3663 post
452 3582 562 3648 addit:
590 3602 621 3664 p.
644 3581 731 3666 555,
755 3584 796 3649 10
810 3602 879 3667 sqq.
902 3577 1061 3671 ,ἀρίθμει
1082 3582 1158 3660 τοὶς
1173 3575 1228 3647 αὖ·

152 3682 228 3761 λούς
251 3676 418 3767 Ὀλίμτιου
447 3681 504 3748 καί
537 3682 706 3769 Τιμοθέου
734 3683 791 3750 καί
815 3679 978 3770 Ἀρίωνος
1006 3684 1063 3773 τὴν
1084 3680 1230 3767 κιθάραν

151 3785 208 3852 καὶ
229 3785 285 3869 τίν
301 3781 466 3874 Μαρσύου
488 3784 703 3874 μιξοφρύγισν
718 3783 878 3874 ἁρμονίαν
894 3785 951 3852 καί
965 3785 1023 3874 τὴν
1041 3781 1229 3873 Θαμίριδος

152 3886 302 3974 Δώριονιι
333 3891 502 3973 desumpta
532 3898 606 3957 sunt
637 3911 655 3956 e
684 3890 857 3957 Clementis
888 3889 927 3972 ἕξ
950 3891 1001 3969 12,
1022 3889 1074 3969 58,
1096 3890 1149 3969 39,
1170 3889 1232 3968 41,
