2782 4642
581 323 792 388 -72-

152 490 249 557 hoffio
271 498 304 559 et
320 491 498 560 Schradero
512 495 571 561 sub
587 494 747 561 Midacriti
764 496 887 560 nomine
902 495 1003 561 latere
1019 493 1224 584 Μελικέρτην

152 595 339 663 Phoenicem
363 598 544 679 suspicatus
566 605 623 663 cst.
661 599 739 677 Quis
761 618 871 665 uerum
894 599 1039 680 aperiat?
1062 639 1102 647 -

238 700 256 782 ξ
292 701 331 765 12
362 701 524 781 „Arcades
560 720 612 767 res
655 702 780 768 diuinas
815 703 909 783 prImi
953 703 1014 768 diis
1054 703 1225 767 lecerunt“
1257 711 1265 718 '

152 802 253 866 Test:
285 802 373 868 Seru.
397 802 490 884 Verg.
513 803 590 869 Aen.
613 803 691 869 VIII
713 806 840 888 3521);
864 804 966 871 Schol.
990 806 1102 872 Aesch.
1121 804 1225 869 Prom.

152 905 230 984 450;
262 904 299 971 cl.
330 905 412 989 Hyg.
442 903 505 970 fab.
536 906 609 985 225,
643 909 670 970 1.
703 908 731 973 6.
777 909 824 973 De
852 909 1011 973 Arcadum
1044 927 1120 989 erga
1150 909 1226 972 deos

153 1007 272 1088 pietate
303 1009 467 1073 notissima
489 1007 527 1074 cf.
550 1009 659 1093 Polyb.
681 1010 727 1074 IV
749 1010 799 1088 20,
824 1015 851 1075 1.
875 1012 1024 1076 Fortasse
1046 1005 1227 1097 εὑρήματος

153 1111 307 1175 rationem
337 1112 368 1175 in
407 1129 446 1174 ea
475 1129 509 1176 re
539 1112 676 1193 positam
705 1113 914 1193 existimabis,
953 1115 1036 1193 quod
1066 1113 1227 1178 Arcadum

153 1231 229 1294 gens
262 1212 489 1294 perhibebatur
521 1214 758 1296 antiquissima:
789 1216 872 1281 Plut.
902 1223 1023 1296 quaest.
1049 1219 1140 1282 Rom.
1167 1214 1226 1291 92;

155 1315 257 1382 Schol.
280 1315 382 1397 Apoll.
399 1315 457 1381 Rh.
480 1316 526 1381 IV
548 1317 628 1396 264;
651 1316 752 1383 Schol.
769 1319 867 1384 Arist.
884 1319 956 1384 nub.
973 1320 1053 1398 3973
1076 1318 1226 1382 Eustath.

152 1421 195 1483 ad
216 1419 308 1483 Dion.
331 1419 400 1484 Per.
422 1419 496 1484 414,
1171 1466 1173 1471 -

239 1521 434 1587 Schmidtius
455 1522 594 1588 scribere
616 1522 723 1588 malit:
747 1523 932 1608 ‚,(Pelasgus
955 1530 988 1589 et
1010 1522 1227 1607 1111111111-

154 1627 285 1692 cades“:
308 1627 560 1691 additamentum
582 1631 688 1691 tamen
711 1627 805 1708 plane
827 1630 877 1691 est
898 1625 1108 1707 superfluuml
1133 1662 1174 1686 -,

240 1729 278 1812 55
295 1728 344 1793 13.
362 1729 402 1794 14
416 1727 628 1809 „Phoroneus
643 1728 750 1794 Inachi
765 1727 860 1808 filine,
875 1747 961 1794 aram
976 1728 1089 1793 Iunoni
1104 1730 1228 1810 primus

153 1829 239 1912 iecit,
262 1832 316 1913 qui
339 1830 379 1896 ob
402 1849 473 1896 earn
488 1849 616 1896 cansam
641 1832 762 1912 primus
787 1832 942 1913 regnandi
956 1837 1148 1913 potestatem
1171 1833 1227 1896 ha·

154 1935 253 2000 buit.“
268 1934 331 1999 Pro
345 1935 473 2014 „aram“
487 1934 641 1999 traditum
657 1941 707 1999 est
721 1936 859 2015 ‚,arma“‚
875 1953 956 2017 qnae
966 1936 1126 2017 scriptura
1142 1953 1228 1999 sum·

155 2058 239 2103 mam
261 2042 369 2102 mouet
390 2037 611 2118 suspicionem.
657 2038 726 2116 Quo
749 2038 831 2103 enim
847 2039 916 2102 iure
931 2037 1121 2112 Phoroneus
1145 2037 1227 2103 anti-

155 2141 325 2222 quissimus
346 2139 517 2219 hominurn,
539 2157 629 2204 arma
650 2137 825 2204 fabricatus
846 2157 916 2206 esse
945 2141 1151 2222 perhibeatur
1173 2140 1226 2219 (cl.

156 2242 237 2308 infra
259 2243 301 2307 ad
322 2243 341 2324 ξ
364 2242 405 2307 29
421 2242 492 2323 so),
523 2242 655 2323 etquid
678 2243 706 2306 ei
735 2261 899 2307 commune
929 2244 972 2308 sit
1000 2261 1070 2307 cum
1099 2242 1230 2308 Iunonis

155 2346 260 2423 armis
282 2346 375 2427 plane
398 2344 565 2410 obscurum
588 2350 647 2426 est,
668 2362 705 2410 ac
728 2365 800 2411 num
824 2347 901 2410 Iuno
922 2347 995 2426 plus
1014 2344 1111 2411 semel
1128 2344 1229 2409 homi·

155 2467 210 2513 nes
225 2466 313 2512 arma
329 2447 391 2513 sibi
405 2446 554 2512 fabricari
569 2447 686 2512 iussit?
707 2447 789 2513 Loco
804 2454 921 2527 autem,
936 2466 1028 2528 quem
1041 2454 1228 2528 tractamus,

156 2552 334 2618 simillimus
356 2560 406 2616 est
427 2551 510 2615 alius
531 2550 671 2615 eiusdem
695 2551 834 2632 corporis
856 2551 1045 2632 Hyginiani:
1077 2550 1141 2616 fab.
1166 2550 1228 2617 143

157 2655 349 2738 ‚,(luppiter)
380 2653 543 2717 exordium
573 2653 727 2734 regnandi
756 2653 891 2718 tradidit
921 2653 1083 2718 Phoroneo
1113 2654 1153 2718 ob
1194 2654 1227 2716 id

158 2755 362 2837 beneficium,
400 2756 484 2836 quod
523 2756 636 2820 lunoni
675 2773 793 2821 sacra
825 2757 947 2838 primus
979 2754 1084 2821 lecit.“
1137 2756 1229 2820 Unde

156 2860 296 2926 Scheffer
320 2878 378 2941 pro
400 2863 524 2942 „arma“
538 2858 675 2924 correxit
688 2860 816 2940 „aram‘
830 2862 870 2940 ²).
901 2858 963 2923 Sed
985 2877 1092 2924 omnes
1113 2858 1229 2923 deinde

157 2965 294 3030 editores
326 2964 580 3043 interpretesque
610 2962 761 3026 traditam
791 2961 982 3043 scripturam
1012 2961 1228 3039 obtinuerunt,

157 3065 411 3148 quandoquidem
441 3081 510 3128 eam
540 3060 706 3129 confirmat
729 3063 870 3129 Cassiod.
893 3083 959 3129 nar.
984 3063 1045 3127 Vll
1070 3064 1125 3128 18:
1150 3063 1228 3143 „hoc

157 3172 215 3249 (sc.
245 3185 333 3250 opus,
361 3166 381 3232 i.
405 3186 431 3231 e.
462 3167 565 3248 arma)
593 3166 730 3247 primum
759 3167 941 3231 Phoroneus
969 3166 1080 3230 Iunoni
1111 3166 1229 3231 dicitur

157 3271 318 3350 obtulisse,
350 3275 386 3333 ut
418 3269 582 3334 inuentum
615 3287 706 3334 suum
739 3270 875 3334 numinis
905 3307 946 3316 -
971 3273 1006 3332 ut
1028 3267 1165 3349 putabat
1186 3303 1228 3313 -

156 3375 299 3457 auspicio
320 3374 546 3438 consecraret.“
583 3373 809 3437 Verumtamen
831 3391 890 3436 non
914 3371 1013 3435 solum
1036 3371 1068 3433 in
1092 3389 1125 3434 re
1148 3370 1229 3451 ipsa,

156 3532 361 3543 -.--——

245 3641 273 3710 1)
295 3633 386 3708 Fugit
408 3634 456 3691 bic
471 3633 553 3691 locus
566 3633 742 3691 Bursianum
765 3653 792 3707 p.
811 3634 881 3690 783.
905 3631 1115 3706 Corrigendum
1131 3637 1229 3690 autem

157 3733 203 3783 est
224 3724 254 3780 in
277 3720 372 3781 Seruii
396 3719 564 3777 narratione
584 3719 763 3793 „Pelasgus“
786 3738 839 3793 pro
862 3721 1022 3790 ,‚Aeaeus“.

245 3809 276 3885 2)
299 3807 424 3879 Recepit
445 3806 521 3863 hanc
543 3805 787 3876 emendationem,
811 3823 977 3883 quanquam
1001 3805 1036 3862 de
1052 3808 1229 3862 commutato

159 3903 244 3953 textu
269 3893 417 3951 silentium
441 3891 509 3965 egit,
534 3890 691 3948 Kinkelius
712 3887 844 3968 Epicur.
870 3886 927 3952 Gr.
948 3888 990 3977 [r.
1015 3891 1032 3948 I
1054 3907 1082 3963 p.
1107 3893 1177 3946 210.
