2782 4642
584 348 799 415 ..16-

157 540 345 622 conligatur.
389 542 436 606 Ac
465 541 602 623 primum
632 541 761 620 quidem
791 558 862 604 cum
889 538 995 604 omnia
1017 544 1073 604 aut
1097 536 1239 606 aliorum

152 647 316 707 auctorum
339 642 459 726 apertis
482 643 587 708 uerbis
609 639 841 722 confirmentur,
864 648 921 707 aut
943 642 1141 722 argumentis
1157 643 1239 708 satis

152 746 273 811 idoneis
295 745 474 826 probabilia
496 745 584 827 fiant,
619 765 677 810 non
716 747 755 810 de
784 743 907 824 frauda
940 764 1001 810 non
1029 747 1071 810 de
1101 743 1239 810 fallaciis

152 848 276 930 Assyrii
307 848 371 913 ullo
400 849 495 912 modo
525 848 657 930 cogitari
680 853 797 929 potest.
840 847 976 928 Propter
997 847 1238 912 multitudinem

152 955 260 1015 autem
283 950 489 1033 singularum,
520 968 602 1030 quae
631 957 830 1028 enarrantur,
863 969 969 1015 rerum
992 948 1164 1014 uerisimile
1186 956 1239 1014 est

153 1070 225 1116 eum
248 1069 349 1133 neque
371 1052 449 1118 haec
472 1052 577 1117 omnia
607 1070 704 1116 esua
726 1051 877 1117 memoria
907 1052 939 1115 in
962 1051 1107 1117 chartam
1131 1051 1238 1117 conie-

154 1156 234 1220 cisse
256 1173 357 1236 neque
380 1156 484 1236 ipsum
501 1155 713 1236 conquirendo
728 1153 910 1236 catalogum
925 1153 1115 1219 confecisse:
1138 1153 1236 1218 immo

153 1256 269 1321 librum
293 1262 367 1321 ante
390 1255 497 1323 oculos
511 1256 660 1322 habuisse
675 1256 804 1321 uidetur
819 1256 984 1334 Tatianus,
1006 1274 1067 1336 quo
1084 1261 1237 1336 congesta

154 1363 245 1423 erant
266 1358 460 1424 heuremata.
494 1360 562 1424 Hoc
585 1379 647 1424 non
663 1358 764 1424 solum
779 1359 798 1439 ξ
815 1359 854 1423 17
871 1358 1106 1440 comprobatur,
1120 1361 1236 1438 utpote

154 1479 235 1543 quae
258 1461 399 1543 intellegi
422 1467 558 1543 nequeat
580 1462 641 1526 nisi
672 1481 742 1526 eam
766 1460 887 1526 alibro
910 1485 945 1526 π.
969 1455 1032 1543 etp.
1056 1459 1235 1541 conscripto

154 1564 323 1628 deductam
347 1581 415 1628 esse
438 1565 638 1643 coniciamus,
667 1565 724 1628 sed
757 1563 854 1628 etiam
873 1582 910 1628 ea
933 1582 967 1628 re
990 1564 1235 1628 demonstratur,

151 1666 235 1746 quod
258 1665 495 1731 diuersissimas
525 1685 562 1731 ac
584 1665 813 1732 dissimillimas
836 1683 887 1731 res
909 1667 941 1730 in
973 1685 1069 1730 unum
1092 1684 1236 1747 compre-

152 1767 344 1832 henduntur.
388 1767 489 1848 Spero
512 1774 618 1833 autern
641 1769 709 1834 fore
738 1776 775 1832 ut
797 1769 977 1833 accuratius
999 1769 1040 1832 de
1062 1766 1150 1833 fonte
1173 1769 1233 1831 Ta·

153 1869 233 1933 tiani
255 1869 440 1950 iudicemus,
463 1876 631 1953 postquam
662 1878 695 1934 et
718 1870 890 1935 Clementis
920 1876 953 1934 et
975 1869 1123 1950 Gregorii
1146 1874 1234 1934 cata-

154 1972 242 2053 logos
264 1973 500 2052 inspexerimus.

508 2596 630 2687 Gaput
656 2598 877 2670 secundum.

241 2783 345 2863 Atque
378 2780 568 2845 Clemens
606 2782 733 2861 quidem
767 2782 1085 2847 Alexandrinus
1122 2782 1231 2846 eodem

153 2891 251 2963 atque
266 2882 420 2947 Tatianus
442 2882 572 2946 consilio
587 2883 753 2947 historiam
769 2885 968 2949 inuentorum
985 2886 1016 2949 in
1033 2903 1124 2948 usum
1140 2901 1231 2947 suum

154 2983 299 3062 contulit,
320 2987 356 3047 ut
379 2982 516 3048 Graecos
538 3003 661 3048 omnem
685 3003 774 3051 suam
797 2986 997 3067 sapientiam,
1020 2993 1117 3065 artes,
1140 2984 1232 3048 insti-

155 3092 228 3151 tuta
250 3105 270 3150 a
292 3085 436 3150 barbaris
459 3094 621 3152 mutuatos
644 3106 712 3153 esse
735 3095 832 3168 atque
854 3089 1078 3155 recentissimis
1105 3088 1231 3151 demum

154 3188 350 3268 temporibus
389 3188 430 3252 ad
464 3189 636 3253 humanum
670 3190 857 3270 ciuilemque
896 3191 1014 3256 cultum
1050 3191 1234 3273 peruenisse

156 3289 386 3370 comprobaret.
432 3291 585 3371 Oopiosus
616 3292 715 3374 igitur
747 3287 933 3378 εὑρημάτων
965 3293 1146 3373 catalogus,
1179 3293 1234 3374 qui

161 3389 383 3477 Στρωματέων
405 3394 478 3459 libri
500 3394 515 3456 l
537 3396 641 3475 capite
663 3395 738 3459 XVI
754 3397 941 3471 continetur,
964 3397 994 3459 in
1019 3397 1098 3459 duas
1120 3395 1234 3460 distin-

155 3493 264 3576 guitur
304 3503 428 3579 partes,
468 3516 602 3578 quarum
641 3498 777 3564 alteram
809 3516 869 3563 non
902 3498 970 3563 sine
1010 3498 1095 3562 iusta
1137 3515 1234 3562 causa

155 3599 283 3663 interim
313 3601 505 3666 omittamus.
557 3599 665 3664 Priore
692 3607 799 3664 autem
829 3606 922 3681 parte
950 3601 993 3667 49
1025 3600 1233 3667 barbarorum

155 3703 284 3767 inuenta
315 3709 528 3782 recensentur,
557 3722 638 3784 quae
670 3703 824 3767 dissoluto
848 3704 1039 3768 narrationis
1076 3711 1251 3781 contextu,

155 3805 265 3869 ordine
288 3810 393 3868 tamen
417 3812 545 3869 seruato
568 3805 614 3870 ita
635 3805 873 3888 transscribam,
896 3812 933 3870 ut
955 3813 1071 3871 natura
1094 3810 1234 3890 catalogi

156 3907 264 3970 statim
288 3905 508 3987 perspiciatur.
