2782 4642
518 345 731 411 -23-

88 512 353 596 11p.109,11;
382 535 414 596 p.
436 515 509 596 230,
532 517 567 595 2;
600 515 858 598 111p.46,12;
889 535 919 597 p.
944 518 1015 596 141,
1038 518 1077 595 6;
1113 535 1165 582 eo-

84 617 221 697 demque
252 619 346 684 modo
376 626 552 700 usurpatur
580 615 637 681 ὲπὶ
666 612 811 695 codrum:
842 618 881 684 cf.
905 619 921 682 I
943 639 974 700 p.
997 619 1048 698 29,
1071 618 1109 697 9;
1132 638 1163 699 p.

85 718 138 801 35,
163 722 196 792 1;
219 719 267 782 llI
289 739 320 800 p.
345 722 417 800 148,
439 723 469 787 8.
1097 764 1098 767 =

172 821 286 904 Itaque
309 828 473 889 auctorum
496 821 653 887 indiculus
675 822 826 887 dissecari
849 824 967 905 nequit,
998 824 1055 887 sed
1077 829 1164 887 totus

83 925 238 1007 primario
260 924 432 990 Clementis
452 925 530 990 lorti
560 925 758 991 addicendus
781 932 839 990 est.
884 929 989 1008 Atque
1012 924 1163 1005 alphabe-

84 1028 149 1092 tico
179 1026 379 1093 inuenturum
403 1028 576 1094 enchiridio
605 1027 724 1110 optime
753 1029 909 1108 conuenit,
940 1029 1058 1110 quippe
1079 1030 1164 1111 quod

84 1149 104 1193 e
127 1129 340 1210 compluribus
362 1153 399 1193 π.
422 1125 486 1216 εὕρ.
509 1130 599 1195 libris
622 1135 788 1195 consutum
812 1149 880 1195 esse
903 1132 1081 1196 necessario
1096 1138 1162 1195 sta·

57 1233 240 1296 *tuendum
272 1233 324 1298 sit.
370 1234 505 1311 Quando
540 1240 647 1297 autem
680 1233 740 1298 hoc
774 1234 986 1315 conscriptum
1019 1233 1071 1313 sit,
1103 1234 1165 1298 etsi

84 1335 252 1414 nescimus,
274 1338 380 1400 tamen
403 1354 461 1417 pro
481 1342 568 1402 certo
584 1334 681 1400 ferme
696 1338 884 1400 contendere
899 1336 973 1402 licet
987 1353 1050 1401 non
1064 1335 1164 1399 multo

82 1436 256 1504 ante-Chr.
279 1458 309 1503 n.
333 1437 450 1503 factum
474 1456 553 1504 esse.
598 1439 685 1503 Ordo
703 1439 787 1502 enim
804 1438 1032 1520 alphabeticus,
1054 1445 1091 1502 ut
1108 1438 1163 1520 qui

82 1541 124 1606 ab
147 1541 327 1620 argumenti
351 1546 466 1606 natura
487 1560 618 1623 prorsus
640 1541 810 1607 abhorreat
832 1548 930 1623 atque
952 1560 1023 1608 cum
1039 1541 1163 1606 ratione

86 1643 293 1724 doctrinaque
315 1644 503 1726 discrepans
525 1662 562 1708 eo
584 1649 708 1707 tantum
731 1651 862 1725 spectet,
884 1651 921 1709 ut
941 1644 1105 1717 materiem
1120 1643 1162 1707 ad

85 1745 173 1826 uulgi
197 1753 325 1826 captum
342 1764 495 1828 usumque
511 1746 626 1811 reddat
642 1745 838 1828 habiliorem,
862 1754 951 1813 ortus
968 1765 1037 1812 esse
1052 1747 1161 1829 nequit

83 1854 159 1913 ante
181 1847 260 1911 illud
283 1855 409 1929 tempus
422 1846 460 1930 ¹),
491 1865 553 1928 quo
584 1854 710 1913 ueteres
732 1867 751 1911 a
773 1867 849 1913 uero
871 1849 1032 1914 doctrinae
1054 1849 1163 1914 studio

81 1949 286 2015 deflectentes
307 1956 409 2015 totam
440 1950 631 2015 industriam
662 1950 695 2013 in
725 1969 762 2015 ea
785 1970 819 2016 re
841 1970 956 2032 ponere
979 1959 1160 2033 coeperunt,

80 2060 118 2118 ut
132 2052 302 2118 thesauros
318 2052 506 2117 eruditionis
522 2052 706 2117 uetustioris
721 2052 929 2135 compilarant
944 2061 1161 2136 excerperent·

80 2174 143 2237 que
165 2162 262 2237 atque
284 2155 391 2235 ampla
413 2156 555 2221 uirorum
578 2157 742 2229 doctorum
767 2156 927 2221 uolumina
943 2157 975 2222 in
992 2158 1159 2238 angustius

82 2263 275 2322 coartarent.

173 2359 233 2424 His
254 2359 347 2425 iactis
370 2357 593 2439 fundamentis,
615 2360 801 2441 priusquam
825 2362 865 2424 de
887 2361 1001 2427 ceteris
1023 2362 1161 2444 catalogi

87 2462 275 2529 Clementini
308 2461 447 2528 lontibus
480 2464 690 2540 disseramus,
722 2462 848 2543 singula
878 2481 958 2543 quae
991 2472 1161 2530 narrantur

79 2567 270 2632 henremata
291 2571 525 2648 perscrutemur
537 2567 578 2647 ²).

169 2808 199 2884 1)
222 2809 444 2869 Bibliothecarii
466 2816 574 2884 tamem
603 2811 687 2870 uelut
715 2811 747 2868 in
776 2812 982 2870 enumerandis
1004 2816 1156 2870 auctorum

81 2896 232 2995 operibus,
261 2895 318 2952 iam
349 2891 611 2955 Callimachcoium
640 2897 824 2973 temporibus
847 2898 949 2956 ordine
972 2898 1156 2973 alphabetico

77 3002 124 3040 11⁸1
148 2987 348 3142 Sliiiniliqerus
372 3069 408 3125 ad
423 3067 532 3125 Euseb.
547 3085 648 3144 praep.
665 3085 768 3142 euang.
784 3068 816 3125 X
837 3087 867 3143 p.
885 3064 960 3124 ⁴libb
988 3067 1046 3144 (ed.
1062 3069 1154 3128 Paris.

79 3173 104 3211 a.
133 3154 226 3229 1628)
257 3153 428 3211 adnotauit:
461 3153 593 3223 „Fronto
615 3153 724 3213 Noster
746 3146 764 3210 ὁ
785 3153 949 3228 μακαρίτης
972 3153 1154 3212 dissimulato

78 3239 199 3297 nominc
222 3239 319 3296 locum
342 3237 424 3295 illum
448 3237 608 3297 Clementis
637 3238 723 3313 (dicit
744 3238 921 3313 catalogum)
944 3238 1057 3297 erudite
1087 3239 1154 3298 illu-

78 3325 216 3384 strauit.“
260 3323 372 3381 Fronto
394 3323 530 3381 Ducaeus
544 3329 642 3382 autem
670 3319 884 3387 Conlectcncc
904 3323 941 3385 t'rt
966 3319 1155 3387 Okmetstem

77 3407 131 3472 Al.
164 3409 273 3482 edidit;
302 3416 456 3484 practerea
483 3407 637 3466 Fabricius
667 3405 752 3472 szt
788 3407 845 3473 Ga.
869 3411 929 3467 VH
957 3409 1014 3486 (ed.
1039 3410 1153 3470 Harles.

82 3497 177 3570 1801)
199 3515 227 3570 p.
248 3498 305 3552 128
329 3494 421 3552 refert
443 3494 601 3553 editionem
619 3493 781 3554 Clementis
796 3496 960 3554 Parisinam
983 3497 1151 3554 anni1629
1253 3538 1255 3542 μ

78 3581 253 3640 instructam
277 3593 341 3638 esse
370 3579 449 3638 notis
477 3579 636 3638 Frontonis
659 3581 779 3640 Ducaei.
825 3581 935 3639 Tamen
967 3601 1032 3639 cum
1055 3601 1152 3661 noque

77 3666 129 3724 ille
149 3667 309 3725 Frontonis
330 3664 448 3724 libellus
470 3684 567 3744 neque
589 3666 661 3725 haec
676 3666 837 3726 Clementis
852 3666 942 3725 editio
958 3666 989 3724 in
1005 3667 1152 3726 thesauris

78 3753 278 3811 bibliothecae
294 3753 374 3811 acad.
385 3751 550 3827 Lipsiensis
566 3759 708 3824 seruetur,
725 3753 964 3811 commentarium
982 3753 1151 3824 Frontonis,

77 3838 225 3917 adquam
248 3837 375 3913 Vigcrus
397 3837 521 3896 lectores
544 3837 702 3912 ablegauit,
721 3838 753 3895 in
776 3859 860 3897 nsum
883 3847 1055 3897 conuertere
1078 3838 1150 3896 mihi

78 3943 138 3982 non
160 3923 254 3984 licuit.
298 3925 360 3983 Neo
375 3943 446 3982 uero
462 3924 550 3982 nimis
566 3923 659 3997 doleo,
676 3925 754 4002 quod
777 3924 838 3997 illo,
855 3924 1069 4002 qualecumque
1084 3924 1150 3999 fuit,
