<?xml version="1.0" encoding="UTF-8"?>
<!DOCTYPE html PUBLIC "-//W3C//DTD XHTML 1.0 Transitional//EN"
    "http://www.w3.org/TR/xhtml1/DTD/xhtml1-transitional.dtd">
<html xmlns="http://www.w3.org/1999/xhtml" xml:lang="en" lang="en">
 <head>
  <title>
</title>
<meta http-equiv="Content-Type" content="text/html;charset=utf-8" />
  <meta name='ocr-system' content='tesseract 3.04.00' />
  <meta name='ocr-capabilities' content='ocr_page ocr_carea ocr_par ocr_line ocrx_word'/>
</head>
<body>
  <div class='ocr_page' id='page_1' title='image "./decatalogisheur00kremgoog_0092.png"; bbox 0 0 2782 4642; ppageno 0'>
   <div class='ocr_carea' id='block_1_1' title="bbox 653 351 864 415">
    <p class='ocr_par' dir='ltr' id='par_1_1' title="bbox 653 351 864 415">
     <span class='ocr_line' id='line_1_1' title="bbox 653 351 864 415; baseline -0.005 -17"><span class='ocrx_word' id='word_1_1' title='bbox 653 351 864 415; x_wconf 75' lang='lat'>..80-</span> 
     </span>
    </p>
   </div>
   <div class='ocr_carea' id='block_1_2' title="bbox 221 519 1297 812">
    <p class='ocr_par' dir='ltr' id='par_1_2' title="bbox 221 519 1297 812">
     <span class='ocr_line' id='line_1_2' title="bbox 222 519 1297 602; baseline -0.002 -16"><span class='ocrx_word' id='word_1_2' title='bbox 222 540 281 586; x_wconf 94' lang='lat' dir='ltr'><strong>non</strong></span> <span class='ocrx_word' id='word_1_3' title='bbox 304 520 409 600; x_wconf 86' lang='lat' dir='ltr'><strong>liceat,</strong></span> <span class='ocrx_word' id='word_1_4' title='bbox 433 539 513 600; x_wconf 90' lang='lat' dir='ltr'><strong>quae</strong></span> <span class='ocrx_word' id='word_1_5' title='bbox 537 519 686 601; x_wconf 82' lang='lat' dir='ltr'><strong>leguntur</strong></span> <span class='ocrx_word' id='word_1_6' title='bbox 707 522 792 602; x_wconf 90' lang='lat' dir='ltr'><strong>apud</strong></span> <span class='ocrx_word' id='word_1_7' title='bbox 816 521 1039 586; x_wconf 84' lang='lat' dir='ltr'><strong>Plutarchum:</strong></span> <span class='ocrx_word' id='word_1_8' title='bbox 1063 528 1186 602; x_wconf 90' lang='lat' dir='ltr'><strong>quaest.</strong></span> <span class='ocrx_word' id='word_1_9' title='bbox 1209 539 1297 587; x_wconf 89' lang='lat' dir='ltr'><strong>conu.</strong></span> 
     </span>
     <span class='ocr_line' id='line_1_3' title="bbox 221 618 1297 710; baseline 0 -24"><span class='ocrx_word' id='word_1_10' title='bbox 221 624 266 687; x_wconf 81' lang='lat' dir='ltr'><strong>lx</strong></span> <span class='ocrx_word' id='word_1_11' title='bbox 290 625 320 702; x_wconf 86' lang='lat'><strong>3,</strong></span> <span class='ocrx_word' id='word_1_12' title='bbox 350 625 370 688; x_wconf 82' lang='grc'>2</span> <span class='ocrx_word' id='word_1_13' title='bbox 401 674 436 703; x_wconf 88' lang='lat'><strong>„.</strong></span> <span class='ocrx_word' id='word_1_14' title='bbox 461 675 467 688; x_wconf 92' lang='lat'><strong>.</strong></span> <span class='ocrx_word' id='word_1_15' title='bbox 490 674 497 688; x_wconf 88' lang='lat'><strong><em>.</em></strong></span> <span class='ocrx_word' id='word_1_16' title='bbox 521 618 661 710; x_wconf 80' lang='grc' dir='ltr'><em>,Ἑρμῆς</em></span> <span class='ocrx_word' id='word_1_17' title='bbox 694 674 701 687; x_wconf 93' lang='grc'><strong>.</strong></span> <span class='ocrx_word' id='word_1_18' title='bbox 725 675 732 689; x_wconf 88' lang='grc'><strong>.</strong></span> <span class='ocrx_word' id='word_1_19' title='bbox 756 673 764 687; x_wconf 94' lang='grc'><strong>.</strong></span> <span class='ocrx_word' id='word_1_20' title='bbox 787 621 915 706; x_wconf 72' lang='grc' dir='ltr'><strong><em>λέγεται</em></strong></span> <span class='ocrx_word' id='word_1_21' title='bbox 945 625 1034 688; x_wconf 68' lang='grc' dir='ltr'><strong>θεῶν</strong></span> <span class='ocrx_word' id='word_1_22' title='bbox 1065 620 1099 687; x_wconf 80' lang='grc' dir='ltr'><strong>ἒν</strong></span> <span class='ocrx_word' id='word_1_23' title='bbox 1128 618 1297 706; x_wconf 74' lang='grc' dir='ltr'><strong>Αἰγύπτῳ</strong></span> 
     </span>
     <span class='ocr_line' id='line_1_4' title="bbox 222 721 1297 812; baseline -0.001 -22"><span class='ocrx_word' id='word_1_24' title='bbox 222 722 399 811; x_wconf 80' lang='grc' dir='ltr'><em>γράμματα</em></span> <span class='ocrx_word' id='word_1_25' title='bbox 423 726 555 809; x_wconf 78' lang='grc' dir='ltr'><strong><em>πρῶτος</em></strong></span> <span class='ocrx_word' id='word_1_26' title='bbox 576 721 694 812; x_wconf 71' lang='grc' dir='ltr'><em>εὑρεῖν·</em></span> <span class='ocrx_word' id='word_1_27' title='bbox 718 724 770 792; x_wconf 78' lang='grc' dir='ltr'><strong>διὸ</strong></span> <span class='ocrx_word' id='word_1_28' title='bbox 793 724 849 790; x_wconf 77' lang='grc' dir='ltr'><strong>καὶ</strong></span> <span class='ocrx_word' id='word_1_29' title='bbox 872 724 909 791; x_wconf 82' lang='grc' dir='ltr'><strong>τὸ</strong></span> <span class='ocrx_word' id='word_1_30' title='bbox 932 725 998 790; x_wconf 81' lang='grc' dir='ltr'><strong>τῶν</strong></span> <span class='ocrx_word' id='word_1_31' title='bbox 1013 723 1214 811; x_wconf 77' lang='grc' dir='ltr'><em>γραμμάτων</em></span> <span class='ocrx_word' id='word_1_32' title='bbox 1228 721 1297 789; x_wconf 86' lang='grc' dir='ltr'><strong>Αἶ-</strong></span> 
     </span>
    </p>
   </div>
   <div class='ocr_carea' id='block_1_3' title="bbox 222 933 1309 4001">
    <p class='ocr_par' dir='ltr' id='par_1_3' title="bbox 222 933 1309 4001">
     <span class='ocr_line' id='line_1_5' title="bbox 222 933 1299 1011; baseline 0 -19"><span class='ocrx_word' id='word_1_33' title='bbox 222 934 459 1011; x_wconf 90' lang='lat' dir='ltr'><strong>positionemqne</strong></span> <span class='ocrx_word' id='word_1_34' title='bbox 488 933 679 992; x_wconf 88' lang='lat' dir='ltr'><strong>subtilissima</strong></span> <span class='ocrx_word' id='word_1_35' title='bbox 707 935 876 992; x_wconf 84' lang='lat' dir='ltr'>narratione</span> <span class='ocrx_word' id='word_1_36' title='bbox 906 935 1093 1004; x_wconf 89' lang='lat' dir='ltr'><strong>describens,</strong></span> <span class='ocrx_word' id='word_1_37' title='bbox 1124 934 1209 993; x_wconf 91' lang='lat' dir='ltr'><strong>utin</strong></span> <span class='ocrx_word' id='word_1_38' title='bbox 1233 934 1299 1008; x_wconf 91' lang='lat' dir='ltr'><strong>ipso</strong></span> 
     </span>
     <span class='ocr_line' id='line_1_6' title="bbox 222 1017 1299 1099; baseline 0 -23"><span class='ocrx_word' id='word_1_39' title='bbox 222 1020 309 1078; x_wconf 88' lang='lat' dir='ltr'><strong>initio</strong></span> <span class='ocrx_word' id='word_1_40' title='bbox 332 1019 426 1093; x_wconf 81' lang='lat' dir='ltr'><strong>possit</strong></span> <span class='ocrx_word' id='word_1_41' title='bbox 448 1020 568 1093; x_wconf 80' lang='lat' dir='ltr'><strong>agnosci</strong></span> <span class='ocrx_word' id='word_1_42' title='bbox 591 1017 793 1099; x_wconf 88' lang='lat' dir='ltr'><strong>magna[rum]</strong></span> <span class='ocrx_word' id='word_1_43' title='bbox 817 1021 902 1094; x_wconf 90' lang='lat' dir='ltr'><strong>copia</strong></span> <span class='ocrx_word' id='word_1_44' title='bbox 925 1021 1120 1078; x_wconf 86' lang='lat' dir='ltr'><strong>litterarum“.</strong></span> <span class='ocrx_word' id='word_1_45' title='bbox 1165 1019 1210 1076; x_wconf 93' lang='lat' dir='ltr'><strong>De</strong></span> <span class='ocrx_word' id='word_1_46' title='bbox 1234 1020 1299 1097; x_wconf 92' lang='lat' dir='ltr'><strong>qui·</strong></span> 
     </span>
     <span class='ocr_line' id='line_1_7' title="bbox 222 1101 1300 1184; baseline 0.003 -21"><span class='ocrx_word' id='word_1_47' title='bbox 222 1107 278 1163; x_wconf 85' lang='lat' dir='ltr'><strong>bus</strong></span> <span class='ocrx_word' id='word_1_48' title='bbox 300 1105 470 1162; x_wconf 85' lang='lat' dir='ltr'><strong>Knaaelrius</strong></span> <span class='ocrx_word' id='word_1_49' title='bbox 492 1125 520 1180; x_wconf 91' lang='lat' dir='ltr'><strong>p.</strong></span> <span class='ocrx_word' id='word_1_50' title='bbox 545 1109 604 1160; x_wconf 83' lang='lat'><strong>590</strong></span> <span class='ocrx_word' id='word_1_51' title='bbox 628 1105 687 1162; x_wconf 86' lang='lat' dir='ltr'><strong>ita:</strong></span> <span class='ocrx_word' id='word_1_52' title='bbox 725 1101 812 1183; x_wconf 81' lang='lat' dir='ltr'><strong>„Die</strong></span> <span class='ocrx_word' id='word_1_53' title='bbox 842 1103 938 1168; x_wconf 79' lang='lat' dir='ltr'><strong>breite</strong></span> <span class='ocrx_word' id='word_1_54' title='bbox 967 1103 1182 1184; x_wconf 79' lang='lat' dir='ltr'><strong>scbwuelstipe</strong></span> <span class='ocrx_word' id='word_1_55' title='bbox 1210 1102 1300 1167; x_wconf 79' lang='lat' dir='ltr'><strong>Aus-</strong></span> 
     </span>
     <span class='ocr_line' id='line_1_8' title="bbox 222 1186 1303 1270; baseline 0 -18"><span class='ocrx_word' id='word_1_56' title='bbox 222 1187 355 1270; x_wconf 66' lang='lat' dir='ltr'><strong>maleae</strong></span> <span class='ocrx_word' id='word_1_57' title='bbox 376 1188 433 1251; x_wconf 85' lang='lat' dir='ltr'><strong>der</strong></span> <span class='ocrx_word' id='word_1_58' title='bbox 458 1186 635 1252; x_wconf 68' lang='lat' dir='ltr'><strong>lbatsacbe</strong></span> <span class='ocrx_word' id='word_1_59' title='bbox 656 1187 782 1269; x_wconf 80' lang='lat' dir='ltr'><strong>peboert</strong></span> <span class='ocrx_word' id='word_1_60' title='bbox 803 1189 984 1253; x_wconf 77' lang='lat' dir='ltr'><strong>natuerlicb</strong></span> <span class='ocrx_word' id='word_1_61' title='bbox 1006 1189 1077 1253; x_wconf 86' lang='lat' dir='ltr'><strong>dem</strong></span> <span class='ocrx_word' id='word_1_62' title='bbox 1103 1186 1303 1269; x_wconf 80' lang='lat' dir='ltr'><strong>Gompilotor</strong></span> 
     </span>
     <span class='ocr_line' id='line_1_9' title="bbox 224 1272 1303 1355; baseline -0.002 -17"><span class='ocrx_word' id='word_1_63' title='bbox 224 1295 287 1351; x_wconf 63' lang='lat' dir='ltr'><strong>am</strong></span> <span class='ocrx_word' id='word_1_64' title='bbox 310 1273 359 1337; x_wconf 85' lang='lat' dir='ltr'><strong>als</strong></span> <span class='ocrx_word' id='word_1_65' title='bbox 373 1272 468 1338; x_wconf 69' lang='lat' dir='ltr'><strong>Keria</strong></span> <span class='ocrx_word' id='word_1_66' title='bbox 490 1273 583 1338; x_wconf 83' lang='lat' dir='ltr'><strong>bleibt</strong></span> <span class='ocrx_word' id='word_1_67' title='bbox 596 1273 716 1355; x_wconf 77' lang='lat' dir='ltr'><strong>uebrip,</strong></span> <span class='ocrx_word' id='word_1_68' title='bbox 739 1275 815 1338; x_wconf 79' lang='lat' dir='ltr'><strong>dass</strong></span> <span class='ocrx_word' id='word_1_69' title='bbox 836 1277 889 1338; x_wconf 78' lang='lat' dir='ltr'><strong>eiu</strong></span> <span class='ocrx_word' id='word_1_70' title='bbox 912 1278 1058 1334; x_wconf 82' lang='lat' dir='ltr'><strong>Hellenas</strong></span> <span class='ocrx_word' id='word_1_71' title='bbox 1080 1273 1303 1355; x_wconf 81' lang='lat' dir='ltr'><strong>ausfucbrlicb</strong></span> 
     </span>
     <span class='ocr_line' id='line_1_10' title="bbox 223 1358 1304 1443; baseline -0.003 -19"><span class='ocrx_word' id='word_1_72' title='bbox 223 1360 318 1424; x_wconf 75' lang='lat' dir='ltr'><strong>weber</strong></span> <span class='ocrx_word' id='word_1_73' title='bbox 339 1359 391 1422; x_wconf 81' lang='lat' dir='ltr'><strong>die</strong></span> <span class='ocrx_word' id='word_1_74' title='bbox 413 1358 789 1441; x_wconf 67' lang='lat' dir='ltr'><strong>Buchetebcuerdudaup</strong></span> <span class='ocrx_word' id='word_1_75' title='bbox 810 1360 980 1443; x_wconf 78' lang='lat' dir='ltr'><strong>pebuudelt</strong></span> <span class='ocrx_word' id='word_1_76' title='bbox 1000 1360 1086 1424; x_wconf 82' lang='lat' dir='ltr'><strong>baba.</strong></span> <span class='ocrx_word' id='word_1_77' title='bbox 1110 1410 1117 1422; x_wconf 92' lang='lat'><strong><em>.</em></strong></span> <span class='ocrx_word' id='word_1_78' title='bbox 1140 1408 1147 1421; x_wconf 91' lang='lat'><strong>.</strong></span> <span class='ocrx_word' id='word_1_79' title='bbox 1172 1411 1178 1423; x_wconf 87' lang='lat'>.</span> <span class='ocrx_word' id='word_1_80' title='bbox 1210 1358 1304 1422; x_wconf 79' lang='lat' dir='ltr'><strong>Fuer</strong></span> 
     </span>
     <span class='ocr_line' id='line_1_11' title="bbox 224 1444 1302 1526; baseline 0.004 -22"><span class='ocrx_word' id='word_1_81' title='bbox 224 1447 370 1505; x_wconf 83' lang='lat' dir='ltr'><strong>Hellenas</strong></span> <span class='ocrx_word' id='word_1_82' title='bbox 392 1445 467 1508; x_wconf 85' lang='lat' dir='ltr'><strong>aber</strong></span> <span class='ocrx_word' id='word_1_83' title='bbox 487 1446 531 1509; x_wconf 81' lang='lat' dir='ltr'><strong>ist</strong></span> <span class='ocrx_word' id='word_1_84' title='bbox 552 1445 631 1509; x_wconf 77' lang='lat' dir='ltr'><strong>abac</strong></span> <span class='ocrx_word' id='word_1_85' title='bbox 653 1444 762 1526; x_wconf 69' lang='lat' dir='ltr'><strong>Frage</strong></span> <span class='ocrx_word' id='word_1_86' title='bbox 793 1449 1035 1506; x_wconf 80' lang='lat' dir='ltr'>Hellanicus</span> <span class='ocrx_word' id='word_1_87' title='bbox 1065 1465 1107 1510; x_wconf 76' lang='lat' dir='ltr'><strong>eu</strong></span> <span class='ocrx_word' id='word_1_88' title='bbox 1128 1444 1302 1526; x_wconf 75' lang='lat' dir='ltr'><strong>schreiben,</strong></span> 
     </span>
     <span class='ocr_line' id='line_1_12' title="bbox 225 1529 1304 1615; baseline -0.001 -20"><span class='ocrx_word' id='word_1_89' title='bbox 225 1552 286 1595; x_wconf 81' lang='lat' dir='ltr'><strong>aas</strong></span> <span class='ocrx_word' id='word_1_90' title='bbox 308 1531 420 1594; x_wconf 70' lang='grc'>(1000011</span> <span class='ocrx_word' id='word_1_91' title='bbox 440 1529 576 1596; x_wconf 78' lang='lat' dir='ltr'><strong>Werlceu</strong></span> <span class='ocrx_word' id='word_1_92' title='bbox 597 1529 784 1594; x_wconf 78' lang='grc'>0001101001</span> <span class='ocrx_word' id='word_1_93' title='bbox 800 1530 995 1615; x_wconf 79' lang='lat' dir='ltr'><strong>Vermutuap</strong></span> <span class='ocrx_word' id='word_1_94' title='bbox 1009 1551 1070 1595; x_wconf 80' lang='lat' dir='ltr'><strong>eoa</strong></span> <span class='ocrx_word' id='word_1_95' title='bbox 1092 1529 1304 1596; x_wconf 76' lang='lat' dir='ltr'><strong>thameeue</strong></span> 
     </span>
     <span class='ocr_line' id='line_1_13' title="bbox 226 1611 1304 1698; baseline -0.002 -17"><span class='ocrx_word' id='word_1_96' title='bbox 226 1618 277 1681; x_wconf 79' lang='lat' dir='ltr'><strong>die</strong></span> <span class='ocrx_word' id='word_1_97' title='bbox 299 1616 459 1681; x_wconf 79' lang='lat' dir='ltr'><strong>acblrec&#39;cb</strong></span> <span class='ocrx_word' id='word_1_98' title='bbox 473 1616 773 1697; x_wconf 79' lang='lat' dir='ltr'><strong>beruccksicbtiptea</strong></span> <span class='ocrx_word' id='word_1_99' title='bbox 795 1611 949 1692; x_wconf 70' lang='grc' dir='ltr'><strong>εὑρήματα</strong></span> <span class='ocrx_word' id='word_1_100' title='bbox 963 1622 1091 1698; x_wconf 78' lang='lat' dir='ltr'><strong>spaeter</strong></span> <span class='ocrx_word' id='word_1_101' title='bbox 1106 1634 1304 1698; x_wconf 74' lang='lat' dir='ltr'><strong>aespcaopeu</strong></span> 
     </span>
     <span class='ocr_line' id='line_1_14' title="bbox 225 1701 1304 1785; baseline -0.007 -18"><span class='ocrx_word' id='word_1_102' title='bbox 225 1704 295 1767; x_wconf 77' lang='lat' dir='ltr'><strong>aad</strong></span> <span class='ocrx_word' id='word_1_103' title='bbox 315 1701 621 1785; x_wconf 78' lang='lat' dir='ltr'><strong>aasammeupestellt</strong></span> <span class='ocrx_word' id='word_1_104' title='bbox 640 1702 769 1766; x_wconf 77' lang='lat' dir='ltr'><strong>worden</strong></span> <span class='ocrx_word' id='word_1_105' title='bbox 790 1702 886 1766; x_wconf 76' lang='grc'>01001.</span> <span class='ocrx_word' id='word_1_106' title='bbox 912 1753 918 1766; x_wconf 94' lang='grc'><strong>.</strong></span> <span class='ocrx_word' id='word_1_107' title='bbox 942 1706 971 1766; x_wconf 83' lang='grc'><strong>.“</strong></span> <span class='ocrx_word' id='word_1_108' title='bbox 993 1706 1118 1781; x_wconf 85' lang='lat' dir='ltr'><strong>(Vereor</strong></span> <span class='ocrx_word' id='word_1_109' title='bbox 1134 1723 1170 1760; x_wconf 88' lang='lat' dir='ltr'><strong>ne</strong></span> <span class='ocrx_word' id='word_1_110' title='bbox 1186 1722 1304 1760; x_wconf 85' lang='lat' dir='ltr'><strong>erraue-</strong></span> 
     </span>
     <span class='ocr_line' id='line_1_15' title="bbox 225 1789 1305 1869; baseline -0.002 -20"><span class='ocrx_word' id='word_1_111' title='bbox 225 1794 266 1849; x_wconf 86' lang='lat' dir='ltr'><strong>rit</strong></span> <span class='ocrx_word' id='word_1_112' title='bbox 291 1790 556 1858; x_wconf 87' lang='lat' dir='ltr'><strong>Wilamowitzins;</strong></span> <span class='ocrx_word' id='word_1_113' title='bbox 580 1789 701 1847; x_wconf 87' lang='lat' dir='ltr'><strong>deloco</strong></span> <span class='ocrx_word' id='word_1_114' title='bbox 724 1791 813 1848; x_wconf 75' lang='lat' dir='ltr'><strong>Clean.</strong></span> <span class='ocrx_word' id='word_1_115' title='bbox 835 1791 936 1863; x_wconf 72' lang='lat' dir='ltr'><strong>Alex,</strong></span> <span class='ocrx_word' id='word_1_116' title='bbox 959 1810 1047 1869; x_wconf 92' lang='lat' dir='ltr'><strong>quem</strong></span> <span class='ocrx_word' id='word_1_117' title='bbox 1062 1789 1230 1848; x_wconf 82' lang='lat' dir='ltr'><strong>Knaaclrius</strong></span> <span class='ocrx_word' id='word_1_118' title='bbox 1253 1791 1305 1847; x_wconf 90' lang='lat' dir='ltr'><strong>ad·</strong></span> 
     </span>
     <span class='ocr_line' id='line_1_16' title="bbox 225 1873 1307 1953; baseline -0.001 -19"><span class='ocrx_word' id='word_1_119' title='bbox 225 1877 333 1952; x_wconf 84' lang='lat' dir='ltr'><strong>hibuit,</strong></span> <span class='ocrx_word' id='word_1_120' title='bbox 364 1878 400 1934; x_wconf 88' lang='lat' dir='ltr'><strong>cf.</strong></span> <span class='ocrx_word' id='word_1_121' title='bbox 424 1895 513 1950; x_wconf 89' lang='lat' dir='ltr'><strong>supra</strong></span> <span class='ocrx_word' id='word_1_122' title='bbox 534 1894 563 1950; x_wconf 88' lang='lat' dir='ltr'><strong>p.</strong></span> <span class='ocrx_word' id='word_1_123' title='bbox 592 1880 628 1932; x_wconf 84' lang='lat'><strong>13</strong></span> <span class='ocrx_word' id='word_1_124' title='bbox 645 1873 723 1953; x_wconf 91' lang='lat' dir='ltr'><strong>sqq.)</strong></span> <span class='ocrx_word' id='word_1_125' title='bbox 753 1877 819 1933; x_wconf 91' lang='lat' dir='ltr'><strong>Non</strong></span> <span class='ocrx_word' id='word_1_126' title='bbox 853 1883 931 1935; x_wconf 88' lang='lat' dir='ltr'><strong>reete</strong></span> <span class='ocrx_word' id='word_1_127' title='bbox 960 1875 1111 1934; x_wconf 79' lang='lat' dir='ltr'><strong>intellexit</strong></span> <span class='ocrx_word' id='word_1_128' title='bbox 1133 1874 1307 1933; x_wconf 84' lang='lat' dir='ltr'><strong>Knaackius</strong></span> 
     </span>
     <span class='ocr_line' id='line_1_17' title="bbox 228 1961 1307 2041; baseline -0.002 -21"><span class='ocrx_word' id='word_1_129' title='bbox 228 1963 319 2020; x_wconf 89' lang='lat' dir='ltr'><strong>uerba</strong></span> <span class='ocrx_word' id='word_1_130' title='bbox 341 1961 527 2032; x_wconf 78' lang='lat' dir='ltr'><strong>Cassiodorii‚</strong></span> <span class='ocrx_word' id='word_1_131' title='bbox 558 1967 589 2021; x_wconf 86' lang='lat' dir='ltr'><strong>et</strong></span> <span class='ocrx_word' id='word_1_132' title='bbox 616 1961 720 2019; x_wconf 90' lang='lat' dir='ltr'><strong>mirum</strong></span> <span class='ocrx_word' id='word_1_133' title='bbox 752 1968 805 2033; x_wconf 89' lang='lat' dir='ltr'><strong>est,</strong></span> <span class='ocrx_word' id='word_1_134' title='bbox 835 1964 913 2041; x_wconf 91' lang='lat' dir='ltr'><strong>quod</strong></span> <span class='ocrx_word' id='word_1_135' title='bbox 943 1962 974 2018; x_wconf 90' lang='lat' dir='ltr'><strong>in</strong></span> <span class='ocrx_word' id='word_1_136' title='bbox 1006 1981 1106 2020; x_wconf 90' lang='lat' dir='ltr'><strong>errore</strong></span> <span class='ocrx_word' id='word_1_137' title='bbox 1128 1979 1181 2018; x_wconf 91' lang='lat' dir='ltr'><strong>suo</strong></span> <span class='ocrx_word' id='word_1_138' title='bbox 1204 1978 1307 2036; x_wconf 86' lang='lat' dir='ltr'><strong>perse·</strong></span> 
     </span>
     <span class='ocr_line' id='line_1_18' title="bbox 226 2045 1305 2125; baseline -0.004 -19"><span class='ocrx_word' id='word_1_139' title='bbox 226 2047 352 2118; x_wconf 90' lang='lat' dir='ltr'><strong>uerauit,</strong></span> <span class='ocrx_word' id='word_1_140' title='bbox 376 2047 432 2105; x_wconf 90' lang='lat' dir='ltr'><strong>etsi</strong></span> <span class='ocrx_word' id='word_1_141' title='bbox 454 2054 557 2121; x_wconf 90' lang='lat' dir='ltr'><strong>postea</strong></span> <span class='ocrx_word' id='word_1_142' title='bbox 578 2048 644 2121; x_wconf 87' lang='lat' dir='ltr'><strong>ipse</strong></span> <span class='ocrx_word' id='word_1_143' title='bbox 666 2046 707 2123; x_wconf 88' lang='lat' dir='ltr'><strong>(p.</strong></span> <span class='ocrx_word' id='word_1_144' title='bbox 726 2053 785 2104; x_wconf 90' lang='lat'><strong>600</strong></span> <span class='ocrx_word' id='word_1_145' title='bbox 803 2050 859 2125; x_wconf 89' lang='lat' dir='ltr'><strong>sq.)</strong></span> <span class='ocrx_word' id='word_1_146' title='bbox 883 2047 914 2104; x_wconf 92' lang='lat' dir='ltr'><strong>in</strong></span> <span class='ocrx_word' id='word_1_147' title='bbox 936 2047 1061 2105; x_wconf 89' lang='lat' dir='ltr'><strong>alterum</strong></span> <span class='ocrx_word' id='word_1_148' title='bbox 1076 2048 1173 2104; x_wconf 89' lang='lat' dir='ltr'><strong>locum</strong></span> <span class='ocrx_word' id='word_1_149' title='bbox 1189 2045 1305 2118; x_wconf 90' lang='lat' dir='ltr'><strong>incidit,</strong></span> 
     </span>
     <span class='ocr_line' id='line_1_19' title="bbox 227 2132 1307 2212; baseline -0.003 -21"><span class='ocrx_word' id='word_1_150' title='bbox 227 2154 285 2212; x_wconf 91' lang='lat' dir='ltr'><strong>quo</strong></span> <span class='ocrx_word' id='word_1_151' title='bbox 310 2132 511 2190; x_wconf 78' lang='lat' dir='ltr'><strong>Cassiodorius</strong></span> <span class='ocrx_word' id='word_1_152' title='bbox 533 2133 612 2189; x_wconf 91' lang='lat' dir='ltr'><strong>idem</strong></span> <span class='ocrx_word' id='word_1_153' title='bbox 635 2134 763 2190; x_wconf 86' lang='lat' dir='ltr'><strong>auctoris</strong></span> <span class='ocrx_word' id='word_1_154' title='bbox 786 2152 894 2190; x_wconf 91' lang='lat' dir='ltr'><strong>nomen</strong></span> <span class='ocrx_word' id='word_1_155' title='bbox 917 2132 950 2190; x_wconf 91' lang='lat' dir='ltr'><strong>in</strong></span> <span class='ocrx_word' id='word_1_156' title='bbox 964 2135 1066 2190; x_wconf 90' lang='lat' dir='ltr'><strong>eodem</strong></span> <span class='ocrx_word' id='word_1_157' title='bbox 1089 2133 1307 2190; x_wconf 87' lang='lat' dir='ltr'><strong>sententiarum</strong></span> 
     </span>
     <span class='ocr_line' id='line_1_20' title="bbox 228 2213 1306 2293; baseline -0.002 -17"><span class='ocrx_word' id='word_1_158' title='bbox 228 2239 308 2276; x_wconf 88' lang='lat' dir='ltr'><strong>nexu</strong></span> <span class='ocrx_word' id='word_1_159' title='bbox 331 2218 478 2276; x_wconf 89' lang='lat' dir='ltr'><strong>laudauit:</strong></span> <span class='ocrx_word' id='word_1_160' title='bbox 503 2218 538 2275; x_wconf 92' lang='lat' dir='ltr'><strong>de</strong></span> <span class='ocrx_word' id='word_1_161' title='bbox 561 2224 615 2276; x_wconf 88' lang='lat' dir='ltr'><strong>art.</strong></span> <span class='ocrx_word' id='word_1_162' title='bbox 639 2236 672 2275; x_wconf 89' lang='grc'><strong>00</strong></span> <span class='ocrx_word' id='word_1_163' title='bbox 695 2218 764 2276; x_wconf 88' lang='lat' dir='ltr'><strong>disc.</strong></span> <span class='ocrx_word' id='word_1_164' title='bbox 792 2224 804 2275; x_wconf 94' lang='lat' dir='ltr'><strong>l</strong></span> <span class='ocrx_word' id='word_1_165' title='bbox 829 2238 857 2293; x_wconf 89' lang='lat' dir='ltr'><strong>p.</strong></span> <span class='ocrx_word' id='word_1_166' title='bbox 876 2218 989 2276; x_wconf 72' lang='lat' dir='ltr'><strong>529³G</strong></span> <span class='ocrx_word' id='word_1_167' title='bbox 1011 2246 1054 2267; x_wconf 97' lang='lat'>=</span> <span class='ocrx_word' id='word_1_168' title='bbox 1076 2217 1166 2274; x_wconf 84' lang='lat' dir='ltr'><strong>Keilii</strong></span> <span class='ocrx_word' id='word_1_169' title='bbox 1194 2213 1306 2279; x_wconf 74' lang='lat' dir='ltr'><strong>Gram.</strong></span> 
     </span>
     <span class='ocr_line' id='line_1_21' title="bbox 228 2302 1307 2382; baseline -0.006 -15"><span class='ocrx_word' id='word_1_170' title='bbox 228 2302 302 2366; x_wconf 78' lang='lat' dir='ltr'><strong>Lat.</strong></span> <span class='ocrx_word' id='word_1_171' title='bbox 334 2303 395 2362; x_wconf 81' lang='lat' dir='ltr'><strong>VII</strong></span> <span class='ocrx_word' id='word_1_172' title='bbox 428 2323 458 2379; x_wconf 88' lang='lat' dir='ltr'><strong>p.</strong></span> <span class='ocrx_word' id='word_1_173' title='bbox 491 2307 561 2377; x_wconf 82' lang='lat'><strong>214,</strong></span> <span class='ocrx_word' id='word_1_174' title='bbox 587 2307 634 2360; x_wconf 87' lang='lat'><strong>18.</strong></span> <span class='ocrx_word' id='word_1_175' title='bbox 674 2303 741 2361; x_wconf 87' lang='lat' dir='ltr'><strong>Hoc</strong></span> <span class='ocrx_word' id='word_1_176' title='bbox 773 2303 837 2362; x_wconf 89' lang='lat' dir='ltr'><strong>loco</strong></span> <span class='ocrx_word' id='word_1_177' title='bbox 867 2310 1024 2382; x_wconf 89' lang='lat' dir='ltr'><strong>postquam</strong></span> <span class='ocrx_word' id='word_1_178' title='bbox 1056 2323 1116 2361; x_wconf 92' lang='lat' dir='ltr'><strong>non</strong></span> <span class='ocrx_word' id='word_1_179' title='bbox 1146 2302 1307 2374; x_wconf 75' lang='lat' dir='ltr'><strong>Mercurio,</strong></span> 
     </span>
     <span class='ocr_line' id='line_1_22' title="bbox 228 2387 1308 2464; baseline -0.004 -16"><span class='ocrx_word' id='word_1_180' title='bbox 228 2393 304 2448; x_wconf 91' lang='lat' dir='ltr'><strong>sicut</strong></span> <span class='ocrx_word' id='word_1_181' title='bbox 324 2390 423 2464; x_wconf 88' lang='lat' dir='ltr'><strong>priore</strong></span> <span class='ocrx_word' id='word_1_182' title='bbox 441 2391 513 2460; x_wconf 90' lang='lat' dir='ltr'><strong>loco,</strong></span> <span class='ocrx_word' id='word_1_183' title='bbox 537 2390 587 2446; x_wconf 89' lang='lat' dir='ltr'><strong>sed</strong></span> <span class='ocrx_word' id='word_1_184' title='bbox 611 2387 747 2446; x_wconf 85' lang='lat' dir='ltr'><strong>Cadmo</strong></span> <span class='ocrx_word' id='word_1_185' title='bbox 770 2388 883 2448; x_wconf 84' lang='lat' dir='ltr'><strong>litteras</strong></span> <span class='ocrx_word' id='word_1_186' title='bbox 898 2391 1036 2447; x_wconf 86' lang='lat' dir='ltr'><strong>inuentae</strong></span> <span class='ocrx_word' id='word_1_187' title='bbox 1051 2389 1195 2456; x_wconf 82' lang='lat' dir='ltr'><strong>attribuit,</strong></span> <span class='ocrx_word' id='word_1_188' title='bbox 1219 2387 1308 2459; x_wconf 87' lang='lat' dir='ltr'><strong>„reli-</strong></span> 
     </span>
     <span class='ocr_line' id='line_1_23' title="bbox 230 2473 1308 2554; baseline -0.002 -22"><span class='ocrx_word' id='word_1_189' title='bbox 230 2495 303 2554; x_wconf 90' lang='lat' dir='ltr'><strong>quas</strong></span> <span class='ocrx_word' id='word_1_190' title='bbox 325 2475 472 2548; x_wconf 87' lang='lat' dir='ltr'><strong>(litteras),</strong></span> <span class='ocrx_word' id='word_1_191' title='bbox 494 2474 601 2553; x_wconf 90' lang='lat' dir='ltr'><strong>inquit,</strong></span> <span class='ocrx_word' id='word_1_192' title='bbox 625 2474 682 2550; x_wconf 91' lang='lat' dir='ltr'><strong>ipsi</strong></span> <span class='ocrx_word' id='word_1_193' title='bbox 705 2476 776 2544; x_wconf 89' lang='grc'>(1.0.</span> <span class='ocrx_word' id='word_1_194' title='bbox 801 2475 917 2546; x_wconf 83' lang='lat' dir='ltr'><strong>Graeci)</strong></span> <span class='ocrx_word' id='word_1_195' title='bbox 940 2473 1099 2533; x_wconf 86' lang='lat' dir='ltr'><strong>uiuacitute</strong></span> <span class='ocrx_word' id='word_1_196' title='bbox 1122 2473 1212 2530; x_wconf 89' lang='lat' dir='ltr'><strong>animi</strong></span> <span class='ocrx_word' id='word_1_197' title='bbox 1236 2492 1308 2548; x_wconf 93' lang='lat' dir='ltr'><strong>sup·</strong></span> 
     </span>
     <span class='ocr_line' id='line_1_24' title="bbox 228 2558 1309 2638; baseline -0.001 -20"><span class='ocrx_word' id='word_1_198' title='bbox 228 2563 396 2637; x_wconf 83' lang='lat' dir='ltr'><strong>pleuerunt</strong></span> <span class='ocrx_word' id='word_1_199' title='bbox 435 2563 470 2617; x_wconf 92' lang='lat' dir='ltr'><strong>de</strong></span> <span class='ocrx_word' id='word_1_200' title='bbox 500 2579 623 2638; x_wconf 88' lang='lat' dir='ltr'><strong>quarum</strong></span> <span class='ocrx_word' id='word_1_201' title='bbox 655 2558 852 2635; x_wconf 88' lang='lat' dir='ltr'><strong>positionibus</strong></span> <span class='ocrx_word' id='word_1_202' title='bbox 886 2568 974 2638; x_wconf 87' lang='lat' dir='ltr'><strong>atque</strong></span> <span class='ocrx_word' id='word_1_203' title='bbox 1004 2560 1165 2618; x_wconf 90' lang='lat' dir='ltr'><strong>uirtutibus</strong></span> <span class='ocrx_word' id='word_1_204' title='bbox 1195 2558 1309 2617; x_wconf 80' lang='lat' dir='ltr'><strong>Graece</strong></span> 
     </span>
     <span class='ocr_line' id='line_1_25' title="bbox 230 2645 1306 2720; baseline -0.004 -15"><span class='ocrx_word' id='word_1_205' title='bbox 230 2647 445 2717; x_wconf 82' lang='lat' dir='ltr'><strong>Hellenas,</strong></span> <span class='ocrx_word' id='word_1_206' title='bbox 483 2645 588 2704; x_wconf 90' lang='lat' dir='ltr'><strong>Latine</strong></span> <span class='ocrx_word' id='word_1_207' title='bbox 627 2645 868 2702; x_wconf 77' lang='lat' dir='ltr'><strong>Priscianus</strong></span> <span class='ocrx_word' id='word_1_208' title='bbox 900 2645 1049 2720; x_wconf 88' lang='lat' dir='ltr'><strong>suptiliter</strong></span> <span class='ocrx_word' id='word_1_209' title='bbox 1082 2648 1306 2703; x_wconf 85' lang='lat' dir='ltr'><strong>tractauerunt“</strong></span> 
     </span>
     <span class='ocr_line' id='line_1_26' title="bbox 229 2728 1307 2810; baseline -0.004 -20"><span class='ocrx_word' id='word_1_210' title='bbox 229 2734 357 2810; x_wconf 87' lang='lat' dir='ltr'><strong>(textum</strong></span> <span class='ocrx_word' id='word_1_211' title='bbox 389 2733 503 2790; x_wconf 89' lang='lat' dir='ltr'><strong>correxi</strong></span> <span class='ocrx_word' id='word_1_212' title='bbox 527 2751 565 2788; x_wconf 87' lang='lat' dir='ltr'><strong>ex</strong></span> <span class='ocrx_word' id='word_1_213' title='bbox 595 2730 694 2788; x_wconf 88' lang='lat' dir='ltr'><strong>codice</strong></span> <span class='ocrx_word' id='word_1_214' title='bbox 722 2730 955 2804; x_wconf 82' lang='lat' dir='ltr'><strong>Bambergensi).</strong></span> <span class='ocrx_word' id='word_1_215' title='bbox 987 2733 1064 2805; x_wconf 85' lang='lat' dir='ltr'><strong>Ergo</strong></span> <span class='ocrx_word' id='word_1_216' title='bbox 1096 2736 1126 2788; x_wconf 89' lang='lat' dir='ltr'><strong>et</strong></span> <span class='ocrx_word' id='word_1_217' title='bbox 1155 2730 1211 2788; x_wconf 93' lang='lat' dir='ltr'><strong>hoc</strong></span> <span class='ocrx_word' id='word_1_218' title='bbox 1241 2728 1307 2788; x_wconf 91' lang='lat' dir='ltr'><strong>loco</strong></span> 
     </span>
     <span class='ocr_line' id='line_1_27' title="bbox 229 2815 1307 2890; baseline -0.005 -13"><span class='ocrx_word' id='word_1_219' title='bbox 229 2818 373 2877; x_wconf 90' lang='lat' dir='ltr'><strong>Hellenus</strong></span> <span class='ocrx_word' id='word_1_220' title='bbox 396 2837 453 2874; x_wconf 91' lang='lat' dir='ltr'><strong>non</strong></span> <span class='ocrx_word' id='word_1_221' title='bbox 478 2819 514 2874; x_wconf 91' lang='lat' dir='ltr'><strong>de</strong></span> <span class='ocrx_word' id='word_1_222' title='bbox 536 2816 749 2887; x_wconf 87' lang='lat' dir='ltr'><strong>inuentoribus,</strong></span> <span class='ocrx_word' id='word_1_223' title='bbox 773 2817 823 2874; x_wconf 90' lang='lat' dir='ltr'><strong>sed</strong></span> <span class='ocrx_word' id='word_1_224' title='bbox 847 2818 883 2873; x_wconf 87' lang='lat' dir='ltr'><strong>de</strong></span> <span class='ocrx_word' id='word_1_225' title='bbox 911 2817 1072 2874; x_wconf 89' lang='lat' dir='ltr'><strong>uirtutibus</strong></span> <span class='ocrx_word' id='word_1_226' title='bbox 1094 2835 1127 2873; x_wconf 88' lang='lat' dir='ltr'><strong>ac</strong></span> <span class='ocrx_word' id='word_1_227' title='bbox 1149 2815 1307 2890; x_wconf 87' lang='lat' dir='ltr'><strong>positioni-</strong></span> 
     </span>
     <span class='ocr_line' id='line_1_28' title="bbox 230 2900 1308 2980; baseline -0.003 -19"><span class='ocrx_word' id='word_1_228' title='bbox 230 2906 285 2961; x_wconf 88' lang='lat' dir='ltr'><strong>bus</strong></span> <span class='ocrx_word' id='word_1_229' title='bbox 306 2903 471 2961; x_wconf 88' lang='lat' dir='ltr'><strong>litterarum</strong></span> <span class='ocrx_word' id='word_1_230' title='bbox 494 2900 690 2976; x_wconf 84' lang='lat' dir='ltr'><strong>disputauisse</strong></span> <span class='ocrx_word' id='word_1_231' title='bbox 713 2902 828 2960; x_wconf 90' lang='lat' dir='ltr'><strong>dieitur.</strong></span> <span class='ocrx_word' id='word_1_232' title='bbox 874 2907 971 2980; x_wconf 88' lang='lat' dir='ltr'><strong>Atque</strong></span> <span class='ocrx_word' id='word_1_233' title='bbox 987 2901 1224 2980; x_wconf 87' lang='lat' dir='ltr'><strong>quandoquidem</strong></span> <span class='ocrx_word' id='word_1_234' title='bbox 1241 2919 1308 2958; x_wconf 91' lang='lat' dir='ltr'><strong>oum</strong></span> 
     </span>
     <span class='ocr_line' id='line_1_29' title="bbox 231 2987 1308 3065; baseline -0.003 -18"><span class='ocrx_word' id='word_1_235' title='bbox 231 2990 382 3047; x_wconf 90' lang='lat' dir='ltr'><strong>Prisciano</strong></span> <span class='ocrx_word' id='word_1_236' title='bbox 399 2987 593 3062; x_wconf 86' lang='lat' dir='ltr'><strong>componitur,</strong></span> <span class='ocrx_word' id='word_1_237' title='bbox 616 3006 721 3059; x_wconf 88' lang='lat' dir='ltr'><strong>gram</strong></span> <span class='ocrx_word' id='word_1_238' title='bbox 732 2987 823 3045; x_wconf 90' lang='lat' dir='ltr'><strong>mati</strong></span> <span class='ocrx_word' id='word_1_239' title='bbox 835 3007 915 3045; x_wconf 94' lang='lat' dir='ltr'><strong>cum</strong></span> <span class='ocrx_word' id='word_1_240' title='bbox 938 2987 1124 3065; x_wconf 89' lang='lat' dir='ltr'><strong>requirimus.</strong></span> <span class='ocrx_word' id='word_1_241' title='bbox 1140 2987 1216 3044; x_wconf 89' lang='lat' dir='ltr'><strong>Nam</strong></span> <span class='ocrx_word' id='word_1_242' title='bbox 1238 3006 1308 3061; x_wconf 88' lang='lat' dir='ltr'><strong>pro·</strong></span> 
     </span>
     <span class='ocr_line' id='line_1_30' title="bbox 231 3071 1308 3146; baseline -0.005 -13"><span class='ocrx_word' id='word_1_243' title='bbox 231 3073 278 3133; x_wconf 93' lang='lat' dir='ltr'><strong>cul</strong></span> <span class='ocrx_word' id='word_1_244' title='bbox 301 3074 389 3131; x_wconf 93' lang='lat' dir='ltr'><strong>dubio</strong></span> <span class='ocrx_word' id='word_1_245' title='bbox 411 3073 629 3146; x_wconf 88' lang='lat' dir='ltr'><strong>intellegendus</strong></span> <span class='ocrx_word' id='word_1_246' title='bbox 652 3079 697 3130; x_wconf 89' lang='lat' dir='ltr'><strong>est</strong></span> <span class='ocrx_word' id='word_1_247' title='bbox 712 3073 880 3130; x_wconf 85' lang='lat' dir='ltr'><strong>Priscianus</strong></span> <span class='ocrx_word' id='word_1_248' title='bbox 895 3072 1107 3144; x_wconf 80' lang='lat' dir='ltr'><strong>Gaesareensis,</strong></span> <span class='ocrx_word' id='word_1_249' title='bbox 1130 3071 1308 3130; x_wconf 84' lang='lat' dir='ltr'><strong>Cassiodorii</strong></span> 
     </span>
     <span class='ocr_line' id='line_1_31' title="bbox 232 3153 1309 3237; baseline -0.003 -20"><span class='ocrx_word' id='word_1_250' title='bbox 232 3159 372 3237; x_wconf 86' lang='lat' dir='ltr'><strong>aequalis,</strong></span> <span class='ocrx_word' id='word_1_251' title='bbox 395 3159 505 3237; x_wconf 88' lang='lat' dir='ltr'><strong>quippe</strong></span> <span class='ocrx_word' id='word_1_252' title='bbox 533 3178 549 3215; x_wconf 94' lang='grc'><strong>0</strong></span> <span class='ocrx_word' id='word_1_253' title='bbox 572 3157 654 3216; x_wconf 84' lang='grc'>0111110</span> <span class='ocrx_word' id='word_1_254' title='bbox 676 3153 921 3219; x_wconf 69' lang='lat' dir='ltr'><strong>Institutionum</strong></span> <span class='ocrx_word' id='word_1_255' title='bbox 943 3157 1018 3215; x_wconf 93' lang='lat' dir='ltr'><strong>libro</strong></span> <span class='ocrx_word' id='word_1_256' title='bbox 1042 3159 1057 3213; x_wconf 90' lang='lat' dir='ltr'>I</span> <span class='ocrx_word' id='word_1_257' title='bbox 1079 3157 1143 3232; x_wconf 89' lang='lat' dir='ltr'><strong>ipse</strong></span> <span class='ocrx_word' id='word_1_258' title='bbox 1166 3164 1309 3232; x_wconf 84' lang='lat' dir='ltr'><strong>excerpta</strong></span> 
     </span>
     <span class='ocr_line' id='line_1_32' title="bbox 230 3241 1308 3323; baseline -0.004 -20"><span class='ocrx_word' id='word_1_259' title='bbox 230 3245 402 3323; x_wconf 88' lang='lat' dir='ltr'><strong>reliquerit:</strong></span> <span class='ocrx_word' id='word_1_260' title='bbox 425 3244 475 3302; x_wconf 82' lang='lat' dir='ltr'><strong>GL</strong></span> <span class='ocrx_word' id='word_1_261' title='bbox 500 3245 558 3301; x_wconf 90' lang='lat' dir='ltr'><strong>VII</strong></span> <span class='ocrx_word' id='word_1_262' title='bbox 580 3262 610 3318; x_wconf 92' lang='lat' dir='ltr'><strong>p.</strong></span> <span class='ocrx_word' id='word_1_263' title='bbox 634 3244 693 3300; x_wconf 80' lang='lat'><strong>207</strong></span> <span class='ocrx_word' id='word_1_264' title='bbox 711 3261 775 3320; x_wconf 89' lang='lat' dir='ltr'><strong>sqq.</strong></span> <span class='ocrx_word' id='word_1_265' title='bbox 799 3241 865 3305; x_wconf 77' lang='lat' dir='ltr'><strong>Quo</strong></span> <span class='ocrx_word' id='word_1_266' title='bbox 888 3263 953 3301; x_wconf 90' lang='lat' dir='ltr'><strong>cum</strong></span> <span class='ocrx_word' id='word_1_267' title='bbox 976 3244 1083 3301; x_wconf 88' lang='lat' dir='ltr'><strong>saeculi</strong></span> <span class='ocrx_word' id='word_1_268' title='bbox 1099 3262 1127 3318; x_wconf 90' lang='lat' dir='ltr'><strong>p.</strong></span> <span class='ocrx_word' id='word_1_269' title='bbox 1144 3244 1213 3302; x_wconf 72' lang='grc'>(1111,</span> <span class='ocrx_word' id='word_1_270' title='bbox 1229 3243 1308 3301; x_wconf 86' lang='lat' dir='ltr'><strong>sexti</strong></span> 
     </span>
     <span class='ocr_line' id='line_1_33' title="bbox 232 3328 1308 3406; baseline -0.001 -18"><span class='ocrx_word' id='word_1_271' title='bbox 232 3329 422 3406; x_wconf 87' lang='lat' dir='ltr'><strong>grammatico</strong></span> <span class='ocrx_word' id='word_1_272' title='bbox 445 3348 570 3386; x_wconf 87' lang='lat' dir='ltr'><strong>reuera</strong></span> <span class='ocrx_word' id='word_1_273' title='bbox 599 3328 724 3400; x_wconf 89' lang='lat' dir='ltr'><strong>„mirum</strong></span> <span class='ocrx_word' id='word_1_274' title='bbox 745 3330 776 3385; x_wconf 93' lang='lat' dir='ltr'><strong>in</strong></span> <span class='ocrx_word' id='word_1_275' title='bbox 800 3331 937 3388; x_wconf 87' lang='lat' dir='ltr'><strong>modum“</strong></span> <span class='ocrx_word' id='word_1_276' title='bbox 960 3329 1151 3403; x_wconf 88' lang='lat' dir='ltr'><strong>coniungitur</strong></span> <span class='ocrx_word' id='word_1_277' title='bbox 1173 3328 1308 3387; x_wconf 89' lang='lat' dir='ltr'><strong>Hellani-</strong></span> 
     </span>
     <span class='ocr_line' id='line_1_34' title="bbox 234 3414 1309 3492; baseline -0.004 -17"><span class='ocrx_word' id='word_1_278' title='bbox 234 3437 299 3487; x_wconf 83' lang='lat' dir='ltr'><strong>cus,</strong></span> <span class='ocrx_word' id='word_1_279' title='bbox 341 3415 559 3474; x_wconf 89' lang='lat' dir='ltr'><strong>uetustissimus</strong></span> <span class='ocrx_word' id='word_1_280' title='bbox 597 3415 769 3485; x_wconf 89' lang='lat' dir='ltr'><strong>historicus,</strong></span> <span class='ocrx_word' id='word_1_281' title='bbox 803 3433 889 3492; x_wconf 91' lang='lat' dir='ltr'><strong>quem</strong></span> <span class='ocrx_word' id='word_1_282' title='bbox 925 3414 1095 3472; x_wconf 88' lang='lat' dir='ltr'><strong>Knauokius</strong></span> <span class='ocrx_word' id='word_1_283' title='bbox 1129 3415 1309 3473; x_wconf 90' lang='lat' dir='ltr'><strong>substituere</strong></span> 
     </span>
     <span class='ocr_line' id='line_1_35' title="bbox 232 3498 1307 3573; baseline -0.004 -13"><span class='ocrx_word' id='word_1_284' title='bbox 232 3501 336 3562; x_wconf 90' lang='lat' dir='ltr'><strong>uoluit.</strong></span> <span class='ocrx_word' id='word_1_285' title='bbox 360 3501 451 3559; x_wconf 91' lang='lat' dir='ltr'><strong>Porro</strong></span> <span class='ocrx_word' id='word_1_286' title='bbox 476 3520 514 3557; x_wconf 85' lang='lat' dir='ltr'><strong>ex</strong></span> <span class='ocrx_word' id='word_1_287' title='bbox 536 3501 681 3557; x_wconf 81' lang='lat' dir='ltr'><strong>Knaaclrii</strong></span> <span class='ocrx_word' id='word_1_288' title='bbox 705 3501 874 3558; x_wconf 90' lang='lat' dir='ltr'><strong>coniectura</strong></span> <span class='ocrx_word' id='word_1_289' title='bbox 889 3519 988 3558; x_wconf 93' lang='lat' dir='ltr'><strong>nonne</strong></span> <span class='ocrx_word' id='word_1_290' title='bbox 1003 3498 1164 3573; x_wconf 87' lang='lat' dir='ltr'><strong>conligitur</strong></span> <span class='ocrx_word' id='word_1_291' title='bbox 1179 3500 1307 3558; x_wconf 86' lang='lat' dir='ltr'><strong>Priscia-</strong></span> 
     </span>
     <span class='ocr_line' id='line_1_36' title="bbox 233 3584 1307 3664; baseline -0.004 -18"><span class='ocrx_word' id='word_1_292' title='bbox 233 3608 302 3646; x_wconf 90' lang='lat' dir='ltr'><strong>num</strong></span> <span class='ocrx_word' id='word_1_293' title='bbox 327 3607 444 3664; x_wconf 92' lang='lat' dir='ltr'><strong>quoque</strong></span> <span class='ocrx_word' id='word_1_294' title='bbox 466 3586 653 3661; x_wconf 84' lang='lat' dir='ltr'><strong>‚,suptiliter“</strong></span> <span class='ocrx_word' id='word_1_295' title='bbox 677 3585 712 3642; x_wconf 92' lang='lat' dir='ltr'><strong>de</strong></span> <span class='ocrx_word' id='word_1_296' title='bbox 734 3585 841 3643; x_wconf 88' lang='lat' dir='ltr'><strong>litteris</strong></span> <span class='ocrx_word' id='word_1_297' title='bbox 863 3586 996 3643; x_wconf 90' lang='lat' dir='ltr'><strong>inuentis</strong></span> <span class='ocrx_word' id='word_1_298' title='bbox 1018 3584 1133 3659; x_wconf 87' lang='lat' dir='ltr'><strong>egisse?</strong></span> <span class='ocrx_word' id='word_1_299' title='bbox 1166 3589 1307 3644; x_wconf 84' lang='lat' dir='ltr'><strong>Attamen</strong></span> 
     </span>
     <span class='ocr_line' id='line_1_37' title="bbox 234 3670 1306 3750; baseline -0.003 -19"><span class='ocrx_word' id='word_1_300' title='bbox 234 3675 282 3735; x_wconf 93' lang='grc'>1110</span> <span class='ocrx_word' id='word_1_301' title='bbox 305 3693 339 3730; x_wconf 89' lang='grc'><strong>00</strong></span> <span class='ocrx_word' id='word_1_302' title='bbox 354 3692 385 3730; x_wconf 90' lang='grc'><strong>10</strong></span> <span class='ocrx_word' id='word_1_303' title='bbox 401 3674 437 3730; x_wconf 88' lang='lat' dir='ltr'><strong>ab</strong></span> <span class='ocrx_word' id='word_1_304' title='bbox 452 3672 518 3729; x_wconf 90' lang='lat' dir='ltr'><strong>aliis</strong></span> <span class='ocrx_word' id='word_1_305' title='bbox 533 3670 730 3744; x_wconf 84' lang='lat' dir='ltr'><strong>grammaticis</strong></span> <span class='ocrx_word' id='word_1_306' title='bbox 751 3671 865 3729; x_wconf 89' lang='lat' dir='ltr'><strong>Latinis</strong></span> <span class='ocrx_word' id='word_1_307' title='bbox 887 3671 1088 3744; x_wconf 85' lang='lat' dir='ltr'><strong>distinguitur,</strong></span> <span class='ocrx_word' id='word_1_308' title='bbox 1105 3673 1183 3750; x_wconf 92' lang='lat' dir='ltr'><strong>quod</strong></span> <span class='ocrx_word' id='word_1_309' title='bbox 1200 3672 1235 3728; x_wconf 89' lang='lat' dir='ltr'><strong>de</strong></span> <span class='ocrx_word' id='word_1_310' title='bbox 1252 3672 1306 3728; x_wconf 89' lang='lat' dir='ltr'><strong>hac</strong></span> 
     </span>
     <span class='ocr_line' id='line_1_38' title="bbox 234 3756 1307 3834; baseline -0.003 -17"><span class='ocrx_word' id='word_1_311' title='bbox 234 3759 356 3816; x_wconf 87' lang='lat' dir='ltr'><strong>materia</strong></span> <span class='ocrx_word' id='word_1_312' title='bbox 383 3758 458 3816; x_wconf 92' lang='lat' dir='ltr'><strong>nihil</strong></span> <span class='ocrx_word' id='word_1_313' title='bbox 482 3758 566 3828; x_wconf 88' lang='lat' dir='ltr'><strong>dixit,</strong></span> <span class='ocrx_word' id='word_1_314' title='bbox 589 3757 645 3812; x_wconf 90' lang='lat' dir='ltr'><strong>nisi</strong></span> <span class='ocrx_word' id='word_1_315' title='bbox 669 3758 746 3834; x_wconf 92' lang='lat' dir='ltr'><strong>quod</strong></span> <span class='ocrx_word' id='word_1_316' title='bbox 771 3756 911 3814; x_wconf 87' lang='lat' dir='ltr'><strong>Varronis</strong></span> <span class='ocrx_word' id='word_1_317' title='bbox 933 3757 1108 3815; x_wconf 89' lang='lat' dir='ltr'><strong>sententiam</strong></span> <span class='ocrx_word' id='word_1_318' title='bbox 1131 3757 1307 3815; x_wconf 89' lang='lat' dir='ltr'><strong>breuissime</strong></span> 
     </span>
     <span class='ocr_line' id='line_1_39' title="bbox 235 3841 1308 3919; baseline -0.002 -16"><span class='ocrx_word' id='word_1_319' title='bbox 235 3844 493 3903; x_wconf 90' lang='lat' dir='ltr'><strong>commemorauit:</strong></span> <span class='ocrx_word' id='word_1_320' title='bbox 525 3843 576 3901; x_wconf 84' lang='lat' dir='ltr'><strong>GL</strong></span> <span class='ocrx_word' id='word_1_321' title='bbox 599 3843 629 3898; x_wconf 93' lang='lat' dir='ltr'><strong>II</strong></span> <span class='ocrx_word' id='word_1_322' title='bbox 652 3860 680 3916; x_wconf 91' lang='lat' dir='ltr'><strong>p.</strong></span> <span class='ocrx_word' id='word_1_323' title='bbox 706 3847 732 3913; x_wconf 91' lang='lat'><strong>8,</strong></span> <span class='ocrx_word' id='word_1_324' title='bbox 758 3847 771 3898; x_wconf 90' lang='lat' dir='ltr'><strong>l</strong></span> <span class='ocrx_word' id='word_1_325' title='bbox 791 3861 855 3919; x_wconf 92' lang='lat' dir='ltr'><strong>sqq.</strong></span> <span class='ocrx_word' id='word_1_326' title='bbox 879 3841 952 3904; x_wconf 79' lang='lat' dir='ltr'><strong>Quis</strong></span> <span class='ocrx_word' id='word_1_327' title='bbox 982 3848 1079 3900; x_wconf 89' lang='lat' dir='ltr'><strong>autem</strong></span> <span class='ocrx_word' id='word_1_328' title='bbox 1102 3842 1193 3901; x_wconf 87' lang='lat' dir='ltr'><strong>fuerit</strong></span> <span class='ocrx_word' id='word_1_329' title='bbox 1214 3842 1308 3918; x_wconf 89' lang='lat' dir='ltr'><strong>„Hel-</strong></span> 
     </span>
     <span class='ocr_line' id='line_1_40' title="bbox 235 3927 820 4001; baseline -0.003 -13"><span class='ocrx_word' id='word_1_330' title='bbox 235 3930 338 3993; x_wconf 86' lang='lat' dir='ltr'><strong>lenus“</strong></span> <span class='ocrx_word' id='word_1_331' title='bbox 360 3929 419 4001; x_wconf 90' lang='lat' dir='ltr'><strong>ille,</strong></span> <span class='ocrx_word' id='word_1_332' title='bbox 442 3928 558 4000; x_wconf 89' lang='lat' dir='ltr'><strong>nescio;</strong></span> <span class='ocrx_word' id='word_1_333' title='bbox 581 3927 618 3989; x_wconf 87' lang='lat' dir='ltr'><strong>cf.</strong></span> <span class='ocrx_word' id='word_1_334' title='bbox 640 3927 731 3985; x_wconf 89' lang='lat' dir='ltr'><strong>Keilii</strong></span> <span class='ocrx_word' id='word_1_335' title='bbox 753 3929 820 3986; x_wconf 85' lang='lat' dir='ltr'><strong>adn.</strong></span> 
     </span>
    </p>
   </div>
   <div class='ocr_carea' id='block_1_4' title="bbox 0 0 1414 4642">
    <p class='ocr_par' dir='ltr' id='par_1_4' title="bbox 0 0 1414 4642">
     <span class='ocr_line' id='line_1_41' title="bbox 0 0 1414 4642; baseline 0 0"><span class='ocrx_word' id='word_1_336' title='bbox 0 0 1414 4642; x_wconf 95' lang='lat' dir='ltr'><strong> </strong></span> 
     </span>
    </p>
   </div>
  </div>
 </body>
</html>
