<?xml version="1.0" encoding="UTF-8"?>
<!DOCTYPE html PUBLIC "-//W3C//DTD XHTML 1.0 Transitional//EN"
    "http://www.w3.org/TR/xhtml1/DTD/xhtml1-transitional.dtd">
<html xmlns="http://www.w3.org/1999/xhtml" xml:lang="en" lang="en">
 <head>
  <title>
</title>
<meta http-equiv="Content-Type" content="text/html;charset=utf-8" />
  <meta name='ocr-system' content='tesseract 3.04.00' />
  <meta name='ocr-capabilities' content='ocr_page ocr_carea ocr_par ocr_line ocrx_word'/>
</head>
<body>
  <div class='ocr_page' id='page_1' title='image "./decatalogisheur00kremgoog_0058.png"; bbox 0 0 2782 4642; ppageno 0'>
   <div class='ocr_carea' id='block_1_1' title="bbox 632 333 845 398">
    <p class='ocr_par' dir='ltr' id='par_1_1' title="bbox 632 333 845 398">
     <span class='ocr_line' id='line_1_1' title="bbox 632 333 845 398; baseline 0 -20"><span class='ocrx_word' id='word_1_1' title='bbox 632 333 845 398; x_wconf 75' lang='lat'>„46-</span> 
     </span>
    </p>
   </div>
   <div class='ocr_carea' id='block_1_2' title="bbox 198 501 1282 3969">
    <p class='ocr_par' dir='ltr' id='par_1_2' title="bbox 198 501 1279 687">
     <span class='ocr_line' id='line_1_2' title="bbox 198 501 1279 586; baseline 0 -19"><span class='ocrx_word' id='word_1_2' title='bbox 198 502 424 586; x_wconf 89' lang='lat' dir='ltr'>philosophum</span> <span class='ocrx_word' id='word_1_3' title='bbox 448 501 577 583; x_wconf 88' lang='lat' dir='ltr'>Tyrium</span> <span class='ocrx_word' id='word_1_4' title='bbox 601 501 746 569; x_wconf 84' lang='lat' dir='ltr'>Chronic.</span> <span class='ocrx_word' id='word_1_5' title='bbox 768 502 907 584; x_wconf 89' lang='lat' dir='ltr'>paschal.</span> <span class='ocrx_word' id='word_1_6' title='bbox 930 522 962 585; x_wconf 88' lang='lat' dir='ltr'>p.</span> <span class='ocrx_word' id='word_1_7' title='bbox 979 504 1059 569; x_wconf 66' lang='grc' dir='ltr'>161θ</span> <span class='ocrx_word' id='word_1_8' title='bbox 1081 503 1192 584; x_wconf 83' lang='lat' dir='ltr'>Mign,</span> <span class='ocrx_word' id='word_1_9' title='bbox 1223 502 1279 567; x_wconf 94' lang='lat' dir='ltr'>ubi</span> 
     </span>
     <span class='ocr_line' id='line_1_3' title="bbox 198 604 661 687; baseline -0.002 -18"><span class='ocrx_word' id='word_1_10' title='bbox 198 604 415 687; x_wconf 79' lang='lat' dir='ltr'><strong>Palaephatus</strong></span> <span class='ocrx_word' id='word_1_11' title='bbox 436 605 597 670; x_wconf 89' lang='lat' dir='ltr'>laudatur.</span> <span class='ocrx_word' id='word_1_12' title='bbox 619 642 661 652; x_wconf 96' lang='lat'><em>-</em></span> 
     </span>
    </p>

    <p class='ocr_par' dir='ltr' id='par_1_3' title="bbox 198 699 1282 2120">
     <span class='ocr_line' id='line_1_4' title="bbox 284 699 1281 789; baseline 0.001 -18"><span class='ocrx_word' id='word_1_13' title='bbox 284 708 302 789; x_wconf 65' lang='grc' dir='ltr'>ξ</span> <span class='ocrx_word' id='word_1_14' title='bbox 327 709 365 774; x_wconf 91' lang='grc'>11</span> <span class='ocrx_word' id='word_1_15' title='bbox 388 701 643 787; x_wconf 87' lang='lat' dir='ltr'>‘Agriculturam</span> <span class='ocrx_word' id='word_1_16' title='bbox 676 706 867 773; x_wconf 88' lang='lat' dir='ltr'>incoharunt</span> <span class='ocrx_word' id='word_1_17' title='bbox 890 699 1118 774; x_wconf 71' lang='lat' dir='ltr'>Athenienses?</span> <span class='ocrx_word' id='word_1_18' title='bbox 1153 706 1281 787; x_wconf 80' lang='lat' dir='ltr'>Cerere,</span> 
     </span>
     <span class='ocr_line' id='line_1_5' title="bbox 199 807 1277 891; baseline -0.003 -17"><span class='ocrx_word' id='word_1_19' title='bbox 199 809 403 891; x_wconf 82' lang='lat' dir='ltr'>Triptolemo,</span> <span class='ocrx_word' id='word_1_20' title='bbox 425 809 636 891; x_wconf 80' lang='lat' dir='ltr'>serpentibus,</span> <span class='ocrx_word' id='word_1_21' title='bbox 664 809 757 876; x_wconf 85' lang='lat' dir='ltr'>Oeleo</span> <span class='ocrx_word' id='word_1_22' title='bbox 786 810 957 876; x_wconf 90' lang='lat' dir='ltr'>nominatis</span> <span class='ocrx_word' id='word_1_23' title='bbox 979 810 1154 891; x_wconf 83' lang='lat' dir='ltr'>Gregorius</span> <span class='ocrx_word' id='word_1_24' title='bbox 1175 807 1277 891; x_wconf 87' lang='lat' dir='ltr'>mytbi</span> 
     </span>
     <span class='ocr_line' id='line_1_6' title="bbox 199 910 1281 994; baseline 0.002 -19"><span class='ocrx_word' id='word_1_25' title='bbox 199 911 279 976; x_wconf 86' lang='lat' dir='ltr'>deae</span> <span class='ocrx_word' id='word_1_26' title='bbox 301 910 483 977; x_wconf 84' lang='lat' dir='ltr'>Eleusiniae</span> <span class='ocrx_word' id='word_1_27' title='bbox 515 911 664 977; x_wconf 88' lang='lat' dir='ltr'>admonet</span> <span class='ocrx_word' id='word_1_28' title='bbox 694 911 747 992; x_wconf 84' lang='lat' dir='ltr'>(ai.</span> <span class='ocrx_word' id='word_1_29' title='bbox 769 930 814 978; x_wconf 90' lang='lat' dir='ltr'>or.</span> <span class='ocrx_word' id='word_1_30' title='bbox 837 913 888 994; x_wconf 83' lang='lat'>39,</span> <span class='ocrx_word' id='word_1_31' title='bbox 910 913 932 977; x_wconf 82' lang='lat'>4</span> <span class='ocrx_word' id='word_1_32' title='bbox 954 931 985 994; x_wconf 90' lang='lat' dir='ltr'>p.</span> <span class='ocrx_word' id='word_1_33' title='bbox 1008 912 1071 978; x_wconf 79' lang='grc'>337</span> <span class='ocrx_word' id='word_1_34' title='bbox 1079 912 1123 993; x_wconf 69' lang='grc'>11);</span> <span class='ocrx_word' id='word_1_35' title='bbox 1153 929 1207 977; x_wconf 89' lang='lat' dir='ltr'>res</span> <span class='ocrx_word' id='word_1_36' title='bbox 1229 915 1281 977; x_wconf 85' lang='lat' dir='ltr'>est</span> 
     </span>
     <span class='ocr_line' id='line_1_7' title="bbox 199 1013 1278 1097; baseline -0.001 -19"><span class='ocrx_word' id='word_1_37' title='bbox 199 1013 366 1078; x_wconf 79' lang='lat' dir='ltr'>tritissima</span> <span class='ocrx_word' id='word_1_38' title='bbox 388 1020 421 1079; x_wconf 94' lang='lat' dir='ltr'>et</span> <span class='ocrx_word' id='word_1_39' title='bbox 443 1013 628 1095; x_wconf 88' lang='lat' dir='ltr'>saepissime</span> <span class='ocrx_word' id='word_1_40' title='bbox 651 1013 758 1079; x_wconf 80' lang='lat' dir='ltr'>Cereri</span> <span class='ocrx_word' id='word_1_41' title='bbox 789 1014 840 1079; x_wconf 89' lang='lat' dir='ltr'>uel</span> <span class='ocrx_word' id='word_1_42' title='bbox 863 1014 1058 1095; x_wconf 84' lang='lat' dir='ltr'>Triptolemo</span> <span class='ocrx_word' id='word_1_43' title='bbox 1080 1013 1278 1097; x_wconf 87' lang='lat' dir='ltr'>agricultura</span> 
     </span>
     <span class='ocr_line' id='line_1_8' title="bbox 198 1114 1278 1200; baseline 0 -21"><span class='ocrx_word' id='word_1_44' title='bbox 198 1115 328 1180; x_wconf 88' lang='lat' dir='ltr'>inuenta</span> <span class='ocrx_word' id='word_1_45' title='bbox 350 1114 537 1180; x_wconf 88' lang='lat' dir='ltr'>attribuitur</span> <span class='ocrx_word' id='word_1_46' title='bbox 552 1114 606 1197; x_wconf 88' lang='lat' dir='ltr'>(cf.</span> <span class='ocrx_word' id='word_1_47' title='bbox 621 1116 704 1199; x_wconf 88' lang='lat' dir='ltr'>Hyg.</span> <span class='ocrx_word' id='word_1_48' title='bbox 720 1117 738 1199; x_wconf 69' lang='grc' dir='ltr'>ξ</span> <span class='ocrx_word' id='word_1_49' title='bbox 753 1117 797 1181; x_wconf 85' lang='grc'>34</span> <span class='ocrx_word' id='word_1_50' title='bbox 812 1117 882 1200; x_wconf 73' lang='lat' dir='ltr'>aa).</span> <span class='ocrx_word' id='word_1_51' title='bbox 916 1116 1009 1183; x_wconf 91' lang='lat' dir='ltr'>Icarii</span> <span class='ocrx_word' id='word_1_52' title='bbox 1025 1134 1136 1183; x_wconf 91' lang='lat' dir='ltr'>uerum</span> <span class='ocrx_word' id='word_1_53' title='bbox 1152 1115 1278 1182; x_wconf 87' lang='lat' dir='ltr'>nomine</span> 
     </span>
     <span class='ocr_line' id='line_1_9' title="bbox 198 1211 1278 1301; baseline 0 -19"><span class='ocrx_word' id='word_1_54' title='bbox 198 1217 309 1282; x_wconf 91' lang='lat' dir='ltr'>addito</span> <span class='ocrx_word' id='word_1_55' title='bbox 331 1217 400 1283; x_wconf 89' lang='lat' dir='ltr'>sine</span> <span class='ocrx_word' id='word_1_56' title='bbox 422 1217 518 1283; x_wconf 93' lang='lat' dir='ltr'>dubio</span> <span class='ocrx_word' id='word_1_57' title='bbox 540 1219 607 1283; x_wconf 91' lang='lat' dir='ltr'>uini</span> <span class='ocrx_word' id='word_1_58' title='bbox 650 1211 713 1301; x_wconf 70' lang='grc' dir='ltr'><strong><em>εὕρ.</em></strong></span> <span class='ocrx_word' id='word_1_59' title='bbox 736 1217 942 1301; x_wconf 88' lang='lat' dir='ltr'>significatur.</span> <span class='ocrx_word' id='word_1_60' title='bbox 987 1219 1049 1286; x_wconf 89' lang='lat' dir='ltr'>Hic</span> <span class='ocrx_word' id='word_1_61' title='bbox 1070 1221 1153 1285; x_wconf 87' lang='lat' dir='ltr'>enim</span> <span class='ocrx_word' id='word_1_62' title='bbox 1174 1216 1278 1284; x_wconf 91' lang='lat' dir='ltr'>homi·</span> 
     </span>
     <span class='ocr_line' id='line_1_10' title="bbox 199 1319 1277 1403; baseline 0.001 -19"><span class='ocrx_word' id='word_1_63' title='bbox 199 1338 255 1384; x_wconf 89' lang='lat' dir='ltr'>nes</span> <span class='ocrx_word' id='word_1_64' title='bbox 277 1339 370 1385; x_wconf 88' lang='lat' dir='ltr'>usum</span> <span class='ocrx_word' id='word_1_65' title='bbox 392 1320 501 1385; x_wconf 90' lang='lat' dir='ltr'>ninia</span> <span class='ocrx_word' id='word_1_66' title='bbox 523 1320 650 1386; x_wconf 89' lang='lat' dir='ltr'>Baccho</span> <span class='ocrx_word' id='word_1_67' title='bbox 672 1322 795 1403; x_wconf 90' lang='lat' dir='ltr'>accepti</span> <span class='ocrx_word' id='word_1_68' title='bbox 818 1322 962 1388; x_wconf 89' lang='lat' dir='ltr'>docuisse</span> <span class='ocrx_word' id='word_1_69' title='bbox 984 1322 1102 1388; x_wconf 84' lang='lat' dir='ltr'>fantur:</span> <span class='ocrx_word' id='word_1_70' title='bbox 1133 1320 1172 1386; x_wconf 90' lang='lat' dir='ltr'>ci.</span> <span class='ocrx_word' id='word_1_71' title='bbox 1196 1319 1277 1385; x_wconf 86' lang='lat' dir='ltr'>Era·</span> 
     </span>
     <span class='ocr_line' id='line_1_11' title="bbox 200 1421 1282 1506; baseline -0.001 -19"><span class='ocrx_word' id='word_1_72' title='bbox 200 1422 304 1489; x_wconf 91' lang='lat' dir='ltr'>tostb.</span> <span class='ocrx_word' id='word_1_73' title='bbox 327 1441 378 1505; x_wconf 84' lang='lat' dir='ltr'>ap.</span> <span class='ocrx_word' id='word_1_74' title='bbox 402 1421 505 1488; x_wconf 91' lang='lat' dir='ltr'>Schol.</span> <span class='ocrx_word' id='word_1_75' title='bbox 521 1422 658 1488; x_wconf 80' lang='lat' dir='ltr'>Homll</span> <span class='ocrx_word' id='word_1_76' title='bbox 679 1424 738 1504; x_wconf 76' lang='lat'>293</span> <span class='ocrx_word' id='word_1_77' title='bbox 761 1424 906 1505; x_wconf 89' lang='lat' dir='ltr'>Apollod.</span> <span class='ocrx_word' id='word_1_78' title='bbox 929 1425 1005 1491; x_wconf 91' lang='lat' dir='ltr'>bibl.</span> <span class='ocrx_word' id='word_1_79' title='bbox 1020 1425 1069 1490; x_wconf 89' lang='grc' dir='ltr'>ΙΙΙ</span> <span class='ocrx_word' id='word_1_80' title='bbox 1086 1426 1135 1506; x_wconf 88' lang='lat'>14,</span> <span class='ocrx_word' id='word_1_81' title='bbox 1159 1424 1198 1504; x_wconf 81' lang='lat'>73</span> <span class='ocrx_word' id='word_1_82' title='bbox 1221 1422 1282 1500; x_wconf 59' lang='lat' dir='ltr'>alx,</span> 
     </span>
     <span class='ocr_line' id='line_1_12' title="bbox 198 1525 1279 1610; baseline -0.002 -21"><span class='ocrx_word' id='word_1_83' title='bbox 198 1525 304 1607; x_wconf 89' lang='lat' dir='ltr'>ipsum</span> <span class='ocrx_word' id='word_1_84' title='bbox 335 1525 402 1589; x_wconf 91' lang='lat' dir='ltr'>uini</span> <span class='ocrx_word' id='word_1_85' title='bbox 435 1532 628 1607; x_wconf 90' lang='lat' dir='ltr'>repertorem</span> <span class='ocrx_word' id='word_1_86' title='bbox 659 1526 824 1608; x_wconf 90' lang='lat' dir='ltr'>appellant</span> <span class='ocrx_word' id='word_1_87' title='bbox 856 1527 1001 1610; x_wconf 89' lang='lat' dir='ltr'>Propert.</span> <span class='ocrx_word' id='word_1_88' title='bbox 1032 1528 1145 1607; x_wconf 85' lang='lat'>1133,</span> <span class='ocrx_word' id='word_1_89' title='bbox 1172 1527 1215 1591; x_wconf 78' lang='lat'>27</span> <span class='ocrx_word' id='word_1_90' title='bbox 1246 1529 1279 1588; x_wconf 90' lang='lat' dir='ltr'>et</span> 
     </span>
     <span class='ocr_line' id='line_1_13' title="bbox 200 1624 1277 1711; baseline -0.003 -18"><span class='ocrx_word' id='word_1_91' title='bbox 200 1626 304 1693; x_wconf 87' lang='lat' dir='ltr'>Schol.</span> <span class='ocrx_word' id='word_1_92' title='bbox 321 1626 413 1693; x_wconf 91' lang='lat' dir='ltr'>Hom.</span> <span class='ocrx_word' id='word_1_93' title='bbox 431 1632 460 1692; x_wconf 81' lang='grc' dir='ltr'><em>Σ</em></span> <span class='ocrx_word' id='word_1_94' title='bbox 478 1628 542 1693; x_wconf 86' lang='grc'>483</span> <span class='ocrx_word' id='word_1_95' title='bbox 557 1627 673 1693; x_wconf 88' lang='lat' dir='ltr'>Townl.</span> <span class='ocrx_word' id='word_1_96' title='bbox 704 1624 865 1710; x_wconf 82' lang='grc' dir='ltr'><strong><em>Γεωργίας</em></strong></span> <span class='ocrx_word' id='word_1_97' title='bbox 887 1629 987 1709; x_wconf 87' lang='lat' dir='ltr'>igitur</span> <span class='ocrx_word' id='word_1_98' title='bbox 1008 1629 1170 1709; x_wconf 76' lang='lat' dir='ltr'>boutema,</span> <span class='ocrx_word' id='word_1_99' title='bbox 1193 1627 1277 1711; x_wconf 89' lang='lat' dir='ltr'>quod</span> 
     </span>
     <span class='ocr_line' id='line_1_14' title="bbox 198 1730 1277 1812; baseline -0.005 -16"><span class='ocrx_word' id='word_1_100' title='bbox 198 1731 259 1796; x_wconf 88' lang='lat' dir='ltr'>hac</span> <span class='ocrx_word' id='word_1_101' title='bbox 292 1731 311 1812; x_wconf 67' lang='grc' dir='ltr'>ξ</span> <span class='ocrx_word' id='word_1_102' title='bbox 344 1730 594 1796; x_wconf 83' lang='lat' dir='ltr'>Atheniensibus</span> <span class='ocrx_word' id='word_1_103' title='bbox 633 1731 835 1812; x_wconf 85' lang='lat' dir='ltr'>adsignatur,</span> <span class='ocrx_word' id='word_1_104' title='bbox 872 1750 932 1797; x_wconf 93' lang='lat' dir='ltr'>non</span> <span class='ocrx_word' id='word_1_105' title='bbox 965 1733 1066 1797; x_wconf 92' lang='lat' dir='ltr'>solum</span> <span class='ocrx_word' id='word_1_106' title='bbox 1100 1733 1141 1797; x_wconf 94' lang='lat' dir='ltr'>ad</span> <span class='ocrx_word' id='word_1_107' title='bbox 1175 1734 1277 1794; x_wconf 89' lang='lat' dir='ltr'>artem</span> 
     </span>
     <span class='ocr_line' id='line_1_15' title="bbox 200 1832 1277 1914; baseline -0.003 -17"><span class='ocrx_word' id='word_1_108' title='bbox 200 1832 314 1897; x_wconf 89' lang='lat' dir='ltr'>arandi</span> <span class='ocrx_word' id='word_1_109' title='bbox 337 1851 449 1914; x_wconf 88' lang='lat' dir='ltr'>agrum</span> <span class='ocrx_word' id='word_1_110' title='bbox 472 1838 505 1896; x_wconf 92' lang='lat' dir='ltr'>et</span> <span class='ocrx_word' id='word_1_111' title='bbox 535 1832 643 1912; x_wconf 86' lang='lat' dir='ltr'>fruges</span> <span class='ocrx_word' id='word_1_112' title='bbox 665 1833 799 1914; x_wconf 86' lang='lat' dir='ltr'>serendi,</span> <span class='ocrx_word' id='word_1_113' title='bbox 830 1835 888 1898; x_wconf 88' lang='lat' dir='ltr'>sed</span> <span class='ocrx_word' id='word_1_114' title='bbox 917 1835 1009 1900; x_wconf 90' lang='lat' dir='ltr'>simul</span> <span class='ocrx_word' id='word_1_115' title='bbox 1032 1834 1162 1899; x_wconf 92' lang='lat' dir='ltr'>aduini</span> <span class='ocrx_word' id='word_1_116' title='bbox 1185 1849 1277 1896; x_wconf 91' lang='lat' dir='ltr'>usum</span> 
     </span>
     <span class='ocr_line' id='line_1_16' title="bbox 200 1935 1277 2018; baseline -0.003 -19"><span class='ocrx_word' id='word_1_117' title='bbox 200 1937 377 2016; x_wconf 90' lang='lat' dir='ltr'>uitiumque</span> <span class='ocrx_word' id='word_1_118' title='bbox 400 1935 555 2001; x_wconf 88' lang='lat' dir='ltr'>culturam</span> <span class='ocrx_word' id='word_1_119' title='bbox 579 1935 777 2000; x_wconf 88' lang='lat' dir='ltr'>referendum</span> <span class='ocrx_word' id='word_1_120' title='bbox 807 1941 867 2017; x_wconf 90' lang='lat' dir='ltr'>est,</span> <span class='ocrx_word' id='word_1_121' title='bbox 895 1937 978 2001; x_wconf 89' lang='lat' dir='ltr'>unde</span> <span class='ocrx_word' id='word_1_122' title='bbox 1001 1936 1190 2018; x_wconf 85' lang='lat' dir='ltr'>Gregorium</span> <span class='ocrx_word' id='word_1_123' title='bbox 1214 1935 1277 1998; x_wconf 94' lang='lat' dir='ltr'>duo</span> 
     </span>
     <span class='ocr_line' id='line_1_17' title="bbox 198 2037 1234 2120; baseline 0 -18"><span class='ocrx_word' id='word_1_124' title='bbox 198 2038 388 2102; x_wconf 91' lang='lat' dir='ltr'>heuremata</span> <span class='ocrx_word' id='word_1_125' title='bbox 410 2057 471 2103; x_wconf 93' lang='lat' dir='ltr'>uno</span> <span class='ocrx_word' id='word_1_126' title='bbox 494 2038 547 2103; x_wconf 91' lang='lat' dir='ltr'>illo</span> <span class='ocrx_word' id='word_1_127' title='bbox 570 2039 695 2103; x_wconf 86' lang='lat' dir='ltr'>nomina</span> <span class='ocrx_word' id='word_1_128' title='bbox 716 2039 992 2120; x_wconf 76' lang='lat' dir='ltr'>comprehendisse</span> <span class='ocrx_word' id='word_1_129' title='bbox 1007 2037 1175 2106; x_wconf 86' lang='lat' dir='ltr'>efficiatur.</span> <span class='ocrx_word' id='word_1_130' title='bbox 1191 2073 1234 2083; x_wconf 94' lang='lat'><em>-</em></span> 
     </span>
    </p>

    <p class='ocr_par' dir='ltr' id='par_1_4' title="bbox 199 2134 1280 3244">
     <span class='ocr_line' id='line_1_18' title="bbox 287 2134 1276 2225; baseline 0 -22"><span class='ocrx_word' id='word_1_131' title='bbox 287 2141 306 2222; x_wconf 65' lang='grc' dir='ltr'>ξ</span> <span class='ocrx_word' id='word_1_132' title='bbox 324 2141 364 2204; x_wconf 84' lang='grc'>12</span> <span class='ocrx_word' id='word_1_133' title='bbox 380 2134 556 2225; x_wconf 70' lang='lat' dir='ltr'>‘aavnpylu</span> <span class='ocrx_word' id='word_1_134' title='bbox 566 2140 816 2206; x_wconf 84' lang='lat' dir='ltr'>Atheniensibus</span> <span class='ocrx_word' id='word_1_135' title='bbox 832 2134 984 2208; x_wconf 75' lang='lat' dir='ltr'>debetur?</span> <span class='ocrx_word' id='word_1_136' title='bbox 1007 2142 1115 2206; x_wconf 90' lang='lat' dir='ltr'>Naues</span> <span class='ocrx_word' id='word_1_137' title='bbox 1124 2142 1165 2206; x_wconf 91' lang='lat' dir='ltr'>ab</span> <span class='ocrx_word' id='word_1_138' title='bbox 1177 2139 1276 2204; x_wconf 90' lang='lat' dir='ltr'>Atha·</span> 
     </span>
     <span class='ocr_line' id='line_1_19' title="bbox 199 2241 1277 2325; baseline -0.001 -18"><span class='ocrx_word' id='word_1_139' title='bbox 199 2241 362 2308; x_wconf 88' lang='lat' dir='ltr'>niensibus</span> <span class='ocrx_word' id='word_1_140' title='bbox 384 2243 496 2323; x_wconf 89' lang='lat' dir='ltr'>primis</span> <span class='ocrx_word' id='word_1_141' title='bbox 528 2247 706 2308; x_wconf 83' lang='lat' dir='ltr'>exstructas</span> <span class='ocrx_word' id='word_1_142' title='bbox 735 2261 805 2308; x_wconf 89' lang='lat' dir='ltr'>esse</span> <span class='ocrx_word' id='word_1_143' title='bbox 826 2252 995 2325; x_wconf 88' lang='lat' dir='ltr'>praeterea</span> <span class='ocrx_word' id='word_1_144' title='bbox 1028 2245 1185 2310; x_wconf 90' lang='lat' dir='ltr'>neminem</span> <span class='ocrx_word' id='word_1_145' title='bbox 1209 2241 1277 2306; x_wconf 92' lang='lat' dir='ltr'>uidi</span> 
     </span>
     <span class='ocr_line' id='line_1_20' title="bbox 199 2343 1276 2430; baseline 0 -20"><span class='ocrx_word' id='word_1_146' title='bbox 199 2346 461 2425; x_wconf 87' lang='lat' dir='ltr'>adseuerantem·;</span> <span class='ocrx_word' id='word_1_147' title='bbox 493 2346 556 2410; x_wconf 91' lang='lat' dir='ltr'>iam</span> <span class='ocrx_word' id='word_1_148' title='bbox 588 2346 760 2412; x_wconf 84' lang='lat' dir='ltr'>scholiasta</span> <span class='ocrx_word' id='word_1_149' title='bbox 784 2347 899 2430; x_wconf 87' lang='lat' dir='ltr'>(Nono.</span> <span class='ocrx_word' id='word_1_150' title='bbox 921 2347 936 2411; x_wconf 95' lang='lat' dir='ltr'>I</span> <span class='ocrx_word' id='word_1_151' title='bbox 958 2347 1014 2430; x_wconf 79' lang='lat'>67)</span> <span class='ocrx_word' id='word_1_152' title='bbox 1038 2345 1173 2412; x_wconf 88' lang='lat' dir='ltr'>coniecit</span> <span class='ocrx_word' id='word_1_153' title='bbox 1195 2343 1276 2410; x_wconf 86' lang='lat' dir='ltr'>Gra·</span> 
     </span>
     <span class='ocr_line' id='line_1_21' title="bbox 199 2436 1277 2535; baseline -0.004 -23"><span class='ocrx_word' id='word_1_154' title='bbox 199 2449 322 2529; x_wconf 81' lang='lat' dir='ltr'>gotium</span> <span class='ocrx_word' id='word_1_155' title='bbox 345 2443 469 2530; x_wconf 70' lang='grc' dir='ltr'>,λέγειν</span> <span class='ocrx_word' id='word_1_156' title='bbox 491 2445 568 2533; x_wconf 78' lang='grc' dir='ltr'><strong><em>περὶ</em></strong></span> <span class='ocrx_word' id='word_1_157' title='bbox 591 2449 647 2534; x_wconf 71' lang='grc' dir='ltr'>τῆς</span> <span class='ocrx_word' id='word_1_158' title='bbox 662 2450 858 2535; x_wconf 78' lang='grc' dir='ltr'><em>ναυμαχικῆς</em></span> <span class='ocrx_word' id='word_1_159' title='bbox 879 2445 1004 2534; x_wconf 79' lang='grc' dir='ltr'><strong><em>τέχνης·</em></strong></span> <span class='ocrx_word' id='word_1_160' title='bbox 1028 2447 1186 2533; x_wconf 72' lang='grc' dir='ltr'><strong><em>ναίμαχοι</em></strong></span> <span class='ocrx_word' id='word_1_161' title='bbox 1200 2436 1277 2509; x_wconf 76' lang='grc' dir='ltr'><strong><em>κατ’</em></strong></span> 
     </span>
     <span class='ocr_line' id='line_1_22' title="bbox 199 2542 1280 2638; baseline 0 -25"><span class='ocrx_word' id='word_1_162' title='bbox 199 2544 299 2637; x_wconf 70' lang='grc' dir='ltr'><strong><em>ἄκρον</em></strong></span> <span class='ocrx_word' id='word_1_163' title='bbox 333 2542 527 2635; x_wconf 73' lang='grc' dir='ltr'><em>Ἀθηναῖοι·</em></span> <span class='ocrx_word' id='word_1_164' title='bbox 565 2552 641 2613; x_wconf 79' lang='grc' dir='ltr'><em>ναῦν</em></span> <span class='ocrx_word' id='word_1_165' title='bbox 679 2548 740 2633; x_wconf 77' lang='grc' dir='ltr'>γὰρ</span> <span class='ocrx_word' id='word_1_166' title='bbox 777 2548 925 2634; x_wconf 71' lang='grc' dir='ltr'><em>λέγονται</em></span> <span class='ocrx_word' id='word_1_167' title='bbox 965 2551 1092 2638; x_wconf 74' lang='grc' dir='ltr'><strong><em>πρῶτοι</em></strong></span> <span class='ocrx_word' id='word_1_168' title='bbox 1127 2546 1280 2625; x_wconf 77' lang='grc' dir='ltr'><strong><em>Φοίνικες</em></strong></span> 
     </span>
     <span class='ocr_line' id='line_1_23' title="bbox 199 2647 1276 2740; baseline -0.001 -24"><span class='ocrx_word' id='word_1_169' title='bbox 199 2654 421 2738; x_wconf 78' lang='grc' dir='ltr'><em>ναυπηγῆσαι·</em></span> <span class='ocrx_word' id='word_1_170' title='bbox 452 2651 565 2740; x_wconf 81' lang='grc' dir='ltr'><strong><em>τριήρη</em></strong></span> <span class='ocrx_word' id='word_1_171' title='bbox 587 2650 623 2716; x_wconf 81' lang='grc' dir='ltr'>δὲ</span> <span class='ocrx_word' id='word_1_172' title='bbox 646 2647 665 2739; x_wconf 74' lang='grc' dir='ltr'>ἡ</span> <span class='ocrx_word' id='word_1_173' title='bbox 688 2648 899 2738; x_wconf 46' lang='grc' dir='ltr'><strong><em>Σεμίραμιςίι.</em></strong></span> <span class='ocrx_word' id='word_1_174' title='bbox 941 2653 1008 2720; x_wconf 84' lang='lat' dir='ltr'>Nec</span> <span class='ocrx_word' id='word_1_175' title='bbox 1030 2656 1095 2720; x_wconf 86' lang='lat' dir='ltr'>scio</span> <span class='ocrx_word' id='word_1_176' title='bbox 1116 2673 1158 2718; x_wconf 82' lang='lat' dir='ltr'>an</span> <span class='ocrx_word' id='word_1_177' title='bbox 1180 2651 1276 2718; x_wconf 82' lang='lat' dir='ltr'>Nazi-</span> 
     </span>
     <span class='ocr_line' id='line_1_24' title="bbox 199 2753 1276 2836; baseline 0.001 -17"><span class='ocrx_word' id='word_1_178' title='bbox 199 2773 337 2820; x_wconf 83' lang='lat' dir='ltr'>anzenus</span> <span class='ocrx_word' id='word_1_179' title='bbox 366 2753 398 2818; x_wconf 91' lang='lat' dir='ltr'>in</span> <span class='ocrx_word' id='word_1_180' title='bbox 429 2753 516 2818; x_wconf 88' lang='lat' dir='ltr'>fonte</span> <span class='ocrx_word' id='word_1_181' title='bbox 545 2755 660 2835; x_wconf 86' lang='lat' dir='ltr'>legerit</span> <span class='ocrx_word' id='word_1_182' title='bbox 691 2761 812 2819; x_wconf 91' lang='lat' dir='ltr'>certum</span> <span class='ocrx_word' id='word_1_183' title='bbox 835 2757 994 2836; x_wconf 91' lang='lat' dir='ltr'>quoddam</span> <span class='ocrx_word' id='word_1_184' title='bbox 1022 2757 1055 2821; x_wconf 93' lang='lat' dir='ltr'>in</span> <span class='ocrx_word' id='word_1_185' title='bbox 1086 2776 1120 2820; x_wconf 90' lang='lat' dir='ltr'>re</span> <span class='ocrx_word' id='word_1_186' title='bbox 1148 2755 1276 2820; x_wconf 90' lang='lat' dir='ltr'>nautica</span> 
     </span>
     <span class='ocr_line' id='line_1_25' title="bbox 199 2856 1278 2924; baseline 0 -3"><span class='ocrx_word' id='word_1_187' title='bbox 199 2857 365 2922; x_wconf 90' lang='lat' dir='ltr'>inuentum</span> <span class='ocrx_word' id='word_1_188' title='bbox 389 2856 635 2921; x_wconf 82' lang='lat' dir='ltr'>Atheniensibus</span> <span class='ocrx_word' id='word_1_189' title='bbox 657 2858 796 2924; x_wconf 86' lang='lat' dir='ltr'>adscribi</span> <span class='ocrx_word' id='word_1_190' title='bbox 812 2859 959 2924; x_wconf 90' lang='lat' dir='ltr'>-uelut</span> <span class='ocrx_word' id='word_1_191' title='bbox 980 2860 1014 2924; x_wconf 92' lang='lat' dir='ltr'>in</span> <span class='ocrx_word' id='word_1_192' title='bbox 1028 2858 1174 2924; x_wconf 87' lang='lat' dir='ltr'>Pliniana</span> <span class='ocrx_word' id='word_1_193' title='bbox 1189 2861 1278 2923; x_wconf 86' lang='lat' dir='ltr'>cata·</span> 
     </span>
     <span class='ocr_line' id='line_1_26' title="bbox 199 2958 1278 3041; baseline -0.001 -18"><span class='ocrx_word' id='word_1_194' title='bbox 199 2959 271 3039; x_wconf 87' lang='lat' dir='ltr'>logo</span> <span class='ocrx_word' id='word_1_195' title='bbox 286 2959 363 3041; x_wconf 92' lang='lat' dir='ltr'>(VII</span> <span class='ocrx_word' id='word_1_196' title='bbox 378 2958 457 3040; x_wconf 81' lang='lat'>209)</span> <span class='ocrx_word' id='word_1_197' title='bbox 472 2959 637 3039; x_wconf 90' lang='lat' dir='ltr'>hippegos,</span> <span class='ocrx_word' id='word_1_198' title='bbox 659 2959 864 3041; x_wconf 84' lang='lat' dir='ltr'>harpagones,</span> <span class='ocrx_word' id='word_1_199' title='bbox 880 2979 991 3026; x_wconf 90' lang='lat' dir='ltr'>manus</span> <span class='ocrx_word' id='word_1_200' title='bbox 1005 2982 1025 3027; x_wconf 93' lang='lat' dir='ltr'>a</span> <span class='ocrx_word' id='word_1_201' title='bbox 1040 2960 1162 3026; x_wconf 89' lang='lat' dir='ltr'>Pericle</span> <span class='ocrx_word' id='word_1_202' title='bbox 1177 2959 1278 3023; x_wconf 89' lang='lat' dir='ltr'>Athe·</span> 
     </span>
     <span class='ocr_line' id='line_1_27' title="bbox 201 3059 1279 3148; baseline 0.001 -23"><span class='ocrx_word' id='word_1_203' title='bbox 201 3062 302 3125; x_wconf 89' lang='lat' dir='ltr'>niensi</span> <span class='ocrx_word' id='word_1_204' title='bbox 324 3061 455 3127; x_wconf 88' lang='lat' dir='ltr'>inuenta</span> <span class='ocrx_word' id='word_1_205' title='bbox 477 3061 627 3127; x_wconf 91' lang='lat' dir='ltr'>dicuntur</span> <span class='ocrx_word' id='word_1_206' title='bbox 655 3098 706 3141; x_wconf 89' lang='lat'>—,</span> <span class='ocrx_word' id='word_1_207' title='bbox 737 3063 797 3127; x_wconf 90' lang='lat' dir='ltr'>nisi</span> <span class='ocrx_word' id='word_1_208' title='bbox 825 3060 910 3128; x_wconf 85' lang='lat' dir='ltr'>forte</span> <span class='ocrx_word' id='word_1_209' title='bbox 932 3064 990 3130; x_wconf 93' lang='lat' dir='ltr'>hoc</span> <span class='ocrx_word' id='word_1_210' title='bbox 1012 3059 1075 3148; x_wconf 75' lang='lat' dir='ltr'>ai&#39;p.</span> <span class='ocrx_word' id='word_1_211' title='bbox 1097 3081 1154 3128; x_wconf 92' lang='lat' dir='ltr'>suo</span> <span class='ocrx_word' id='word_1_212' title='bbox 1176 3063 1279 3143; x_wconf 90' lang='lat' dir='ltr'>ipsius</span> 
     </span>
     <span class='ocr_line' id='line_1_28' title="bbox 199 3163 663 3244; baseline 0.002 -17"><span class='ocrx_word' id='word_1_213' title='bbox 199 3163 340 3244; x_wconf 89' lang='lat' dir='ltr'>periculo</span> <span class='ocrx_word' id='word_1_214' title='bbox 362 3163 599 3230; x_wconf 89' lang='lat' dir='ltr'>coniectauerit.</span> <span class='ocrx_word' id='word_1_215' title='bbox 622 3201 663 3210; x_wconf 89' lang='lat'>—</span> 
     </span>
    </p>

    <p class='ocr_par' dir='ltr' id='par_1_5' title="bbox 199 3259 1282 3844">
     <span class='ocr_line' id='line_1_29' title="bbox 285 3259 1282 3354; baseline -0.002 -24"><span class='ocrx_word' id='word_1_216' title='bbox 285 3259 443 3348; x_wconf 68' lang='lat' dir='ltr'>§13‘ab</span> <span class='ocrx_word' id='word_1_217' title='bbox 472 3268 631 3347; x_wconf 69' lang='grc' dir='ltr'><em>μυεῖσθαι</em></span> <span class='ocrx_word' id='word_1_218' title='bbox 662 3264 716 3330; x_wconf 84' lang='grc' dir='ltr'>καὶ</span> <span class='ocrx_word' id='word_1_219' title='bbox 744 3265 784 3331; x_wconf 80' lang='grc' dir='ltr'>τὸ</span> <span class='ocrx_word' id='word_1_220' title='bbox 810 3271 904 3351; x_wconf 76' lang='grc' dir='ltr'><em>μυεῖν</em></span> <span class='ocrx_word' id='word_1_221' title='bbox 930 3265 986 3332; x_wconf 77' lang='grc' dir='ltr'>καὶ</span> <span class='ocrx_word' id='word_1_222' title='bbox 1016 3265 1054 3332; x_wconf 82' lang='grc' dir='ltr'>τὸ</span> <span class='ocrx_word' id='word_1_223' title='bbox 1083 3264 1282 3354; x_wconf 69' lang='grc' dir='ltr'><strong><em>θρησκείαν</em></strong></span> 
     </span>
     <span class='ocr_line' id='line_1_30' title="bbox 199 3363 1280 3454; baseline 0.002 -23"><span class='ocrx_word' id='word_1_224' title='bbox 199 3366 339 3434; x_wconf 88' lang='lat' dir='ltr'>Thracas</span> <span class='ocrx_word' id='word_1_225' title='bbox 355 3370 540 3448; x_wconf 90' lang='lat' dir='ltr'>docuerunt,</span> <span class='ocrx_word' id='word_1_226' title='bbox 555 3369 638 3435; x_wconf 90' lang='lat' dir='ltr'>sicut</span> <span class='ocrx_word' id='word_1_227' title='bbox 653 3371 845 3454; x_wconf 87' lang='lat' dir='ltr'>etymologia</span> <span class='ocrx_word' id='word_1_228' title='bbox 860 3363 1032 3437; x_wconf 71' lang='lat' dir='ltr'>euincitur?</span> <span class='ocrx_word' id='word_1_229' title='bbox 1056 3370 1095 3437; x_wconf 87' lang='lat' dir='ltr'>cf.</span> <span class='ocrx_word' id='word_1_230' title='bbox 1116 3371 1160 3436; x_wconf 93' lang='lat' dir='ltr'>ad</span> <span class='ocrx_word' id='word_1_231' title='bbox 1173 3369 1280 3451; x_wconf 76' lang='lat' dir='ltr'>Tat.§</span> 
     </span>
     <span class='ocr_line' id='line_1_31' title="bbox 202 3470 1277 3557; baseline -0.002 -21"><span class='ocrx_word' id='word_1_232' title='bbox 202 3471 251 3537; x_wconf 92' lang='grc'>10.</span> <span class='ocrx_word' id='word_1_233' title='bbox 297 3470 416 3551; x_wconf 89' lang='lat' dir='ltr'>Orphei</span> <span class='ocrx_word' id='word_1_234' title='bbox 448 3488 559 3536; x_wconf 92' lang='lat' dir='ltr'>nomen</span> <span class='ocrx_word' id='word_1_235' title='bbox 583 3472 757 3554; x_wconf 86' lang='lat' dir='ltr'>Gregorius</span> <span class='ocrx_word' id='word_1_236' title='bbox 787 3474 846 3539; x_wconf 93' lang='lat' dir='ltr'>hoc</span> <span class='ocrx_word' id='word_1_237' title='bbox 875 3475 1001 3557; x_wconf 91' lang='lat' dir='ltr'>quidem</span> <span class='ocrx_word' id='word_1_238' title='bbox 1033 3473 1101 3540; x_wconf 92' lang='lat' dir='ltr'>loco</span> <span class='ocrx_word' id='word_1_239' title='bbox 1123 3473 1277 3537; x_wconf 91' lang='lat' dir='ltr'>omissum</span> 
     </span>
     <span class='ocr_line' id='line_1_32' title="bbox 200 3572 1276 3662; baseline 0 -25"><span class='ocrx_word' id='word_1_240' title='bbox 200 3574 367 3638; x_wconf 88' lang='lat' dir='ltr'>adnotauit</span> <span class='ocrx_word' id='word_1_241' title='bbox 388 3591 433 3639; x_wconf 87' lang='lat' dir='ltr'>or.</span> <span class='ocrx_word' id='word_1_242' title='bbox 449 3573 501 3654; x_wconf 82' lang='lat'>39,</span> <span class='ocrx_word' id='word_1_243' title='bbox 517 3575 538 3640; x_wconf 85' lang='lat'>5</span> <span class='ocrx_word' id='word_1_244' title='bbox 552 3594 583 3655; x_wconf 88' lang='lat' dir='ltr'>p.</span> <span class='ocrx_word' id='word_1_245' title='bbox 600 3575 691 3656; x_wconf 68' lang='lat' dir='ltr'>340b,</span> <span class='ocrx_word' id='word_1_246' title='bbox 714 3576 768 3640; x_wconf 92' lang='lat' dir='ltr'>ubi</span> <span class='ocrx_word' id='word_1_247' title='bbox 790 3576 874 3641; x_wconf 90' lang='lat' dir='ltr'>idem</span> <span class='ocrx_word' id='word_1_248' title='bbox 897 3572 960 3662; x_wconf 71' lang='grc' dir='ltr'><strong><em>εὕρ.</em></strong></span> <span class='ocrx_word' id='word_1_249' title='bbox 983 3577 1122 3643; x_wconf 88' lang='lat' dir='ltr'>iterauit.</span> <span class='ocrx_word' id='word_1_250' title='bbox 1144 3574 1276 3658; x_wconf 86' lang='lat' dir='ltr'>Etyma·</span> 
     </span>
     <span class='ocr_line' id='line_1_33' title="bbox 200 3675 1280 3759; baseline 0.001 -20"><span class='ocrx_word' id='word_1_251' title='bbox 200 3676 315 3757; x_wconf 88' lang='lat' dir='ltr'>logiam</span> <span class='ocrx_word' id='word_1_252' title='bbox 338 3675 470 3741; x_wconf 88' lang='lat' dir='ltr'>eandem</span> <span class='ocrx_word' id='word_1_253' title='bbox 503 3677 670 3741; x_wconf 88' lang='lat' dir='ltr'>uenditant</span> <span class='ocrx_word' id='word_1_254' title='bbox 692 3678 776 3742; x_wconf 91' lang='lat' dir='ltr'>Plut.</span> <span class='ocrx_word' id='word_1_255' title='bbox 807 3677 895 3745; x_wconf 83' lang='lat' dir='ltr'>Alex.</span> <span class='ocrx_word' id='word_1_256' title='bbox 919 3679 948 3759; x_wconf 80' lang='lat'>2,</span> <span class='ocrx_word' id='word_1_257' title='bbox 971 3680 992 3745; x_wconf 85' lang='lat'>5</span> <span class='ocrx_word' id='word_1_258' title='bbox 1020 3685 1052 3744; x_wconf 90' lang='lat' dir='ltr'>et</span> <span class='ocrx_word' id='word_1_259' title='bbox 1075 3678 1177 3744; x_wconf 88' lang='lat' dir='ltr'>Schol.</span> <span class='ocrx_word' id='word_1_260' title='bbox 1200 3677 1280 3742; x_wconf 85' lang='lat' dir='ltr'>Eur.</span> 
     </span>
     <span class='ocr_line' id='line_1_34' title="bbox 200 3777 426 3844; baseline 0.004 -4"><span class='ocrx_word' id='word_1_261' title='bbox 200 3778 267 3844; x_wconf 91' lang='lat' dir='ltr'>Alc.</span> <span class='ocrx_word' id='word_1_262' title='bbox 291 3777 363 3843; x_wconf 83' lang='lat'>968.</span> <span class='ocrx_word' id='word_1_263' title='bbox 392 3813 426 3825; x_wconf 91' lang='lat'>-</span> 
     </span>
    </p>

    <p class='ocr_par' dir='ltr' id='par_1_6' title="bbox 287 3874 1278 3969">
     <span class='ocr_line' id='line_1_35' title="bbox 287 3874 1278 3969; baseline 0.003 -27"><span class='ocrx_word' id='word_1_264' title='bbox 287 3884 305 3962; x_wconf 64' lang='grc' dir='ltr'><strong>ξ</strong></span> <span class='ocrx_word' id='word_1_265' title='bbox 330 3881 370 3944; x_wconf 87' lang='grc'>14</span> <span class='ocrx_word' id='word_1_266' title='bbox 392 3874 445 3944; x_wconf 80' lang='lat' dir='ltr'>‘cd</span> <span class='ocrx_word' id='word_1_267' title='bbox 469 3880 563 3944; x_wconf 73' lang='grc' dir='ltr'><strong><em>θύειν</em></strong></span> <span class='ocrx_word' id='word_1_268' title='bbox 586 3880 738 3947; x_wconf 84' lang='lat' dir='ltr'>Chaldaei</span> <span class='ocrx_word' id='word_1_269' title='bbox 762 3883 813 3948; x_wconf 90' lang='lat' dir='ltr'>uel</span> <span class='ocrx_word' id='word_1_270' title='bbox 829 3875 963 3966; x_wconf 80' lang='lat' dir='ltr'>Cyprii&#39;</span> <span class='ocrx_word' id='word_1_271' title='bbox 987 3882 1107 3969; x_wconf 75' lang='grc' dir='ltr'><strong><em>θυτική</em></strong></span> <span class='ocrx_word' id='word_1_272' title='bbox 1128 3882 1278 3948; x_wconf 90' lang='lat' dir='ltr'>substan-</span> 
     </span>
    </p>
   </div>
   <div class='ocr_carea' id='block_1_3' title="bbox 0 0 1397 4642">
    <p class='ocr_par' dir='ltr' id='par_1_7' title="bbox 0 0 1397 4642">
     <span class='ocr_line' id='line_1_36' title="bbox 0 0 1397 4642; baseline 0 0"><span class='ocrx_word' id='word_1_273' title='bbox 0 0 1397 4642; x_wconf 95' lang='lat' dir='ltr'> </span> 
     </span>
    </p>
   </div>
  </div>
 </body>
</html>
