2782 4642
646 378 882 450 402„

225 557 367 620 extrema
388 553 488 619 totius
510 554 551 620 de
572 553 689 620 litteris
704 553 896 618 narrationis
917 551 1076 634 particula
1090 553 1158 636 („in
1174 553 1304 619 Latium

226 673 280 721 eas
301 655 481 722 attuleruut
501 657 661 740 Pelasgi“)
685 655 849 722 diuellitur
871 655 912 720 ab
935 656 991 736 eis,
1012 675 1094 738 quae
1116 657 1157 721 de
1172 656 1305 722 Graecis

225 757 343 824 litteris
365 759 452 824 dicta
473 762 558 825 sunt
601 759 712 840 Neque
733 757 823 823 alind
844 758 968 824 Plinius
991 758 1212 824 additamento
1227 757 1304 841 egit,

225 861 287 926 nisi
309 868 345 926 ut
367 879 457 926 suam
472 863 671 941 seutentiam,
694 880 790 943 quam
804 861 895 926 initio
910 861 1183 942 pronuntiauerat,
1207 861 1305 926 certis

225 964 420 1044 argumentis
440 962 582 1029 fulciret:
614 963 760 1030 v11192
789 965 950 1046 „Litteras
972 982 1134 1045 semper
1163 963 1304 1028 arbitror

224 1065 365 1147 Assyriis
387 1065 504 1131 fuisse‘
525 1065 564 1130 ci.
586 1067 650 1131 VH
673 1066 734 1132 193
757 1115 793 1145 „.
809 1116 817 1133 .
833 1114 841 1131 .
857 1084 895 1132 ex
917 1084 980 1149 quo
1001 1071 1138 1149 apparet
1159 1071 1304 1131 aeter·

224 1185 297 1232 nus
318 1167 498 1233 litterarum
521 1171 626 1234 usus“.
671 1167 875 1251 Segreganda
906 1170 1003 1252 igitur
1025 1188 1045 1232 a
1067 1169 1200 1235 materie
1222 1168 1304 1234 heu-

225 1270 379 1336 rematica
400 1277 484 1351 suut,
505 1288 587 1353 quae
601 1270 664 1336 Vll
682 1270 743 1337 193
765 1272 924 1355 leguntur,
946 1289 1048 1354 neque
1071 1272 1117 1336 cis
1132 1272 1302 1353 quicquam

225 1389 388 1437 commuue
410 1379 459 1439 est
487 1391 557 1438 cum
581 1372 723 1455 reliquiis
745 1374 1048 1454 heurematicorum3
1080 1373 1205 1439 Plinius
1232 1373 1304 1454 ipse

227 1493 265 1539 ea
287 1493 327 1541 ex
348 1475 415 1540 suis
437 1475 647 1542 conlectaneis
669 1477 847 1542 admiscuit.
862 1512 905 1524 -
920 1477 1042 1542 Deinde
1065 1476 1303 1542 Metrodori

226 1577 394 1660 Scepsii
416 1595 538 1658 nomen,
568 1579 652 1661 quod
683 1579 726 1644 ad
760 1579 972 1644 narrationem
995 1579 1058 1645 VII
1080 1579 1121 1644 89
1143 1578 1303 1660 prolatam

224 1681 436 1744 reuocandum
474 1688 539 1761 cst,
573 1698 632 1745 nou
662 1681 723 1747 uisi
754 1681 977 1747 ostentationis
1002 1699 1099 1746 causa
1125 1681 1303 1762 posteriore

223 1781 329 1864 aliquo
350 1786 492 1865 tempore
514 1783 611 1850 iudici
632 1782 833 1849 subiunctum
856 1792 914 1849 est.

263 1907 265 1910 ·
313 1884 532 1950 Metrodomm
554 1887 747 1952 antecedunt
776 1886 808 1950 in
825 1886 941 1952 indice
970 1885 1108 1967 quinque
1138 1895 1303 1952 auctorum

223 1986 359 2067 nomina,
382 2005 463 2068 quae
484 1989 594 2053 eodem
618 1989 730 2054 ordine
759 1988 790 2054 in
813 1989 995 2054 narratione
1016 1987 1078 2053 VII
1100 1989 1161 2053 207
1184 1994 1217 2053 et
1238 1989 1303 2054 208

223 2089 380 2171 leguntur.
424 2091 534 2172 Neque
556 2092 635 2159 haec
665 2093 832 2173 quicquam
862 2090 984 2157 faciunt
1012 2092 1055 2156 ad
1084 2089 1303 2172 quaestionem

224 2200 375 2257 nostram.
418 2191 501 2259 Nam
532 2193 757 2276 Hegesias,
782 2193 1116 2272 Anchemolus,
1139 2192 1302 2276 Thucy-

224 2294 361 2372 dides,
385 2293 636 2377 Mnesigito,
659 2297 925 2378 Xenagoras,
947 2297 1087 2379 itemque
1111 2295 1302 2376 Ctesias,

223 2396 465 2479 Damastes,
495 2398 761 2464 Aristoteles
801 2435 844 2444 —
883 2397 937 2478 qui
969 2399 1080 2463 eodem
1111 2398 1302 2464 narrationis

223 2499 292 2564 loco
312 2499 496 2580 laudantur,
531 2501 562 2565 in
593 2502 697 2567 indice
730 2507 836 2567 autem
870 2500 934 2566 iam
965 2518 1065 2581 supra
1086 2519 1144 2567 suo
1166 2501 1301 2583 quisque

225 2602 293 2667 loco
329 2603 478 2667 recensiti
514 2608 608 2680 sunt,
644 2639 686 2651 -
723 2623 793 2670 cnm
825 2603 930 2669 nullus
962 2622 1001 2667 ex
1033 2603 1084 2668 lris
1116 2604 1301 2670 auctoribus

223 2703 383 2785 peculiare
405 2705 446 2770 de
467 2705 606 2770 iuuentis
625 2722 704 2786 opus
718 2706 940 2787 composuerit,
962 2711 1084 2772 certum
1100 2711 1149 2769 est
1162 2705 1302 2772 Plinium

224 2807 394 2890 unicuique
414 2808 522 2874 eornm
545 2806 623 2871 nihil
647 2808 707 2873 nisi
728 2807 854 2889 singula
875 2808 1032 2888 debuisse,
1062 2826 1152 2889 quaa
1166 2807 1302 2874 nomini·

223 2909 283 2974 bus
309 2922 417 2975 eorum
446 2908 583 2990 appictis
612 2917 791 2975 narrantur.
835 2910 902 2976 Nec
929 2911 1050 2991 dubito,
1082 2912 1158 2994 quin
1183 2912 1302 2977 horum

223 3013 398 3078 sententias
419 3012 482 3076 iam
513 3019 678 3094 excerptas
708 3013 929 3096 conlectasque
951 3012 1073 3080 Plinius
1094 3034 1113 3081 e
1134 3013 1303 3082 fontesuo

222 3115 391 3195 acceperit
436 3147 438 3151 ·

308 3216 398 3282 Inter
418 3218 580 3300 quattuor,
602 3218 656 3300 qui
678 3226 859 3301 supersunt,
880 3224 1027 3286 auctores
1047 3238 1129 3286 unus
1151 3239 1212 3285 uon
1235 3223 1302 3289 dis-

223 3322 351 3401 putauit
366 3321 444 3385 data
459 3337 556 3402 opera
577 3318 656 3406 cepi
677 3315 863 3407 εὑρημάτων
885 3323 1178 3404 Asclepiades.
1202 3325 1302 3392 caius

224 3423 265 3486 ad
288 3440 397 3488 nomen
415 3422 536 3489 Plinius
558 3425 742 3491 adnotauit:
765 3426 840 3509 „qui
856 3420 1105 3510 τραγῳδούμενα
1128 3427 1186 3506 (sc.
1201 3429 1301 3510 scrip-

223 3524 312 3608 sit)“,
332 3544 394 3608 quo
416 3526 636 3593 additamento
667 3527 750 3594 hunc
779 3529 992 3610 distingueret
1019 3528 1060 3593 ab
1081 3528 1223 3594 eiusdem
1245 3549 1299 3594 uo-

223 3627 316 3693 minis
337 3628 468 3708 medico,
490 3631 543 3710 qni
565 3648 664 3710 supra
685 3631 766 3696 inter
795 3638 941 3698 auctores
962 3637 1147 3697 numeratus
1170 3638 1219 3722 est
1241 3632 1298 3717 (ad

224 3730 285 3795 VII
314 3731 399 3813 124).
443 3733 526 3810 Quid
558 3740 664 3799 tamen
696 3753 735 3798 ex
764 3734 951 3817 Asclepiade
979 3734 1047 3799 siue
1077 3733 1199 3799 Plinius
1230 3735 1301 3817 ipse

224 3832 291 3897 siue
318 3832 356 3914 is,
387 3852 479 3916 quem
509 3835 687 3916 exscripsit,
721 3840 884 3902 mutuatus
916 3837 971 3918 sit,
1000 3837 1193 3920 ignoramus,
1224 3838 1301 3921 quia

225 3952 326 4016 neque
348 3934 379 3998 in
403 3934 483 4000 libro
505 3954 617 4001 nomeu
641 3936 708 4002 eins
729 3938 889 4018 inuenitur
911 3957 1013 4022 neque
1027 3937 1217 4023 fragmentis
1231 3941 1301 4019 eius
