2782 4642
603 80 817 145 ..37-

161 254 227 320 202
241 272 289 336 sq.
319 253 464 317 Iemuero
502 250 788 317 beurematicornm
828 249 945 315 studiis
984 248 1086 314 multa
1117 249 1244 314 nomina

163 374 247 421 noua
269 354 466 422 conformate
488 359 572 435 sunt,
595 352 710 434 quibus
725 353 907 418 inuentores
921 369 1026 416 rerum
1042 353 1242 433 quarundam

162 456 426 539 Sigflffifflfesstflr·
471 455 540 533 Quo
563 456 594 520 in
618 474 749 521 numero
781 460 856 519 sunt
894 453 1048 536 Sambyx:
1081 453 1120 520 ci.
1144 473 1244 537 supra
1308 440 1323 540 ,²
1340 550 1343 555 Ι

162 580 193 641 p.
214 561 275 640 21;
308 559 459 626 Cerasus:
492 557 574 642 Hyg.
603 556 667 624 lab.
690 558 754 624 274
776 558 795 640 ξ
819 559 855 637 1;
886 556 1025 622 Closter:
1055 556 1135 623 Plin.
1158 579 1187 623 n.
1212 559 1242 623 h.
1325 588 1335 630 s

162 661 225 727 VH
242 661 361 744 1961).
405 661 512 742 Atque
526 661 568 726 ad
583 661 666 726 hanc
681 661 808 742 quidem
825 659 979 726 rationem
1007 660 1104 726 etiarn
1127 661 1242 725 heure·

162 770 259 846 mata,
283 763 454 848 dequibus
475 763 593 847 agitur,
615 763 795 828 reuocanda
810 780 881 827 esse
895 763 1053 828 uidentur.
1082 759 1243 851 Νώροπες

163 868 245 932 enim
275 866 351 933 alibi
390 885 451 931 non
481 870 785 946 commemorantur,
820 865 1020 931 notissimum
1051 871 1158 931 tamen
1192 876 1241 934 est

161 968 278 1055 νῶροψ
299 968 506 1045 adiectinum,
528 968 612 1048 quod
635 968 721 1050 apud
737 968 909 1033 Homerum
931 988 1002 1035 cnm
1024 969 1145 1048 χαλκοῦ
1161 989 1238 1036 uoce

164 1071 312 1153 coniungi
334 1070 430 1136 solet:
462 1073 493 1134 B
514 1069 594 1148 5783
622 1072 662 1132 H
678 1069 759 1148 2063
789 1076 828 1135 A
853 1072 908 1149 16;
941 1077 977 1135 Ν
994 1070 1076 1152 406;
1108 1071 1141 1142 Ξ
1158 1073 1239 1150 383;

161 1173 301 1253 11130;
330 1195 356 1235 ω
384 1174 457 1239 467.
487 1172 560 1238 500.
604 1172 696 1250 Quod
725 1189 795 1237 cnm
825 1172 987 1254 explicatu
1019 1172 1239 1239 difficillimum

161 1282 259 1354 esset,
299 1274 627 1356 beurematographus
665 1275 715 1339 uel
747 1275 974 1355 grammaticus
1014 1275 1130 1356 aliquis
1171 1294 1239 1341 esse

162 1377 358 1461 gentilicium
381 1376 524 1458 coniecit,
547 1395 609 1457 qno
631 1395 743 1441 nomen
766 1378 940 1442 inuentoris
961 1379 1012 1443 uel
1035 1379 1131 1460 regio,
1155 1379 1239 1443 unde

159 1477 278 1559 χαλκός
288 1479 480 1561 proueniret,
490 1479 683 1544 indicaretur
694 1477 748 1562 (ci.
756 1498 786 1561 p.
793 1479 835 1543 32
842 1481 916 1562 αα).
940 1481 1064 1545 Deinde
1076 1487 1111 1545 ut
1124 1498 1239 1564 epony·

248 1670 278 1748 1)
301 1670 374 1728 liius
405 1671 521 1744 generis
550 1671 739 1747 etymologiis
770 1663 901 1730 offensus
930 1672 1136 1732 Eiehholtnius
1167 1694 1194 1750 p.
1221 1681 1238 1733 3

164 1755 316 1816 contendit
338 1761 407 1831 post
430 1757 599 1816 Aristotelis
622 1757 744 1836 eiusque
767 1757 978 1834 discipulorum
999 1765 1126 1817 aetatem
1142 1762 1240 1820 studia

161 1841 359 1901 beurematios
380 1841 474 1916 magis
496 1840 648 1919 magisque
671 1841 714 1900 ita
736 1861 800 1900 esse
823 1844 991 1918 deprauata,
1014 1850 1048 1903 ut
1062 1835 1239 1922 εὑρημάτων

161 1945 253 2006 seque
276 1945 311 1985 sc
331 1925 511 2000 θαυμασίων
533 1926 693 2002 scriptores
715 1928 847 1986 mirificis
869 1930 1097 1988 narratiunculis
1111 1932 1238 2010 ineptis·

161 2031 216 2091 que
238 2010 358 2070 fabellis
378 2011 471 2070 libros
493 2012 692 2088 complersut3
722 2013 807 2071 cuius
836 2015 916 2072 modi
946 2034 1036 2089 opera
1057 2016 1145 2075 etism
1170 2017 1238 2076 Gel-

159 2097 230 2156 lium
260 2097 292 2154 in
323 2098 421 2155 animo
450 2097 598 2170 habuisse,
633 2117 698 2155 cum
730 2099 761 2156 in
790 2101 882 2173 praef.
907 2099 943 2159 N.
968 2105 1004 2159 A.
1035 2098 1064 2178 (S
1096 2101 1129 2174 6)
1158 2103 1239 2162 inter

159 2183 258 2255 libros,
283 2182 335 2262 qui
357 2183 487 2255 „nariam
511 2190 541 2242 et
562 2182 724 2242 miscellam
755 2187 785 2241 et
808 2185 892 2262 quasi
914 2185 1143 2244 confusaneam“
1166 2207 1236 2246 con-

159 2267 291 2328 tinerent
313 2269 485 2340 doctrinam,
517 2261 668 2346 εὑρήματα
699 2288 817 2349 quoque
850 2274 1107 2341 commemoraret;
1137 2292 1236 2347 porro,

158 2359 190 2413 nt
212 2360 354 2412 mutatam
384 2354 415 2412 in
444 2355 575 2414 deterius
597 2354 924 2429 beurematographiam
948 2356 1146 2427 demonstret,
1178 2358 1236 2416 Lo-

158 2439 256 2498 beclrii
279 2435 447 2519 (Aplaoph
463 2460 491 2515 p.
511 2441 583 2514 167)
607 2442 705 2500 uerbis
727 2461 798 2498 usus
813 2440 1012 2516 reprehendit,
1035 2443 1115 2519 quod
1129 2443 1236 2501 heure·

161 2524 260 2583 matioi
293 2525 381 2582 stiam
411 2544 510 2584 earum
540 2544 638 2584 rerum
667 2532 803 2585 auctores
832 2525 1008 2585 nominatim
1039 2527 1235 2600 tradiderunt,

158 2628 253 2688 „quae
276 2628 342 2667 cum
372 2609 445 2684 ipsis
474 2610 538 2669 fere
568 2610 738 2671 hominibus
766 2616 853 2670 natae
884 2616 979 2670 sunt“.
1024 2611 1235 2671 Verumtamen

159 2695 257 2754 omnia
279 2693 459 2753 Eichholtnii
482 2703 656 2770 argumenta
685 2698 802 2755 cadunt.
848 2697 978 2754 Primum
1001 2698 1081 2755 enim
1103 2699 1234 2756 eiusdem

156 2780 218 2838 lere
240 2781 320 2836 modi
335 2779 531 2857 etymologiae
556 2782 615 2839 iam
637 2782 714 2857 apud
729 2782 892 2840 Hesiodum
908 2782 1111 2857 reperiuntur:
1133 2784 1233 2859 theog.

157 2869 217 2924 233
234 2884 317 2944 sqq.;
349 2865 385 2921 fr·
410 2863 461 2938 77,
491 2866 528 2925 al.
558 2866 616 2943 (sd.
647 2865 761 2944 G.-u.);
793 2873 823 2926 st
844 2885 882 2924 ne
905 2867 1081 2926 Aristoteles
1114 2868 1234 2946 quidem

155 2950 228 3009 talis
249 2949 380 3024 respuit:
401 2949 438 3008 fr.
464 2955 525 3008 464
540 2952 577 3012 R.
600 2952 715 3010 Deinde
738 2951 826 3011 Gellii
851 2952 948 3011 locum
971 2972 1125 3029 perperam
1137 2955 1233 3015 inter-

157 3039 291 3110 prststus
314 3041 359 3094 est
387 3035 434 3093 uir
464 3037 582 3107 doctum
620 3036 670 3094 ille
700 3038 780 3095 enim
813 3056 874 3095 non
902 3038 965 3112 agit
993 3038 1051 3097 nisi
1083 3039 1119 3096 de
1148 3039 1233 3101 libris

155 3120 364 3194 conlectsneis,
391 3121 499 3201 quibus
531 3123 736 3181 memorabiles
759 3141 793 3182 ac
826 3123 1005 3182 multifarias
1035 3142 1083 3182 res
1114 3124 1163 3183 uel
1195 3128 1232 3185 ad

154 3206 349 3286 antiqnitates
371 3207 420 3265 uel
448 3208 485 3265 ad
507 3208 725 3282 grammaticam
741 3208 926 3284 pertinentes
947 3213 1125 3282 tractentur;
1156 3209 1233 3268 nihil

155 3310 225 3366 ergo
248 3292 501 3367 inscriptionibus,
534 3311 607 3372 quas
623 3292 734 3353 Gellius
750 3301 894 3368 recenset,
917 3313 982 3352 cum
1005 3295 1111 3354 studiis
1126 3297 1232 3354 heure·

153 3376 328 3436 matioorum
360 3396 515 3436 commune
545 3382 597 3437 est.
627 3379 713 3437 Adde
750 3380 829 3458 quod
859 3380 976 3437 illorum
1012 3380 1167 3439 eonsilium
1198 3400 1233 3441 ac

153 3461 301 3520 rationem
330 3462 418 3539 plane
449 3482 510 3521 non
540 3464 691 3522 intellexit
719 3464 943 3524 Eiohholtnius:
972 3465 1002 3522 id
1025 3465 1103 3523 enim
1125 3467 1231 3541 ipsum,

154 3548 233 3624 quod
256 3547 457 3625 exprobrauit,
479 3547 538 3606 iam
560 3549 710 3625 principes
730 3551 998 3609 beurematicornm
1013 3558 1233 3627 spectausrunt,

154 3631 231 3693 sicut
252 3633 449 3709 Theophrasti
471 3635 645 3710 fragmentis
668 3636 893 3696 demonstratur.
