2814 4642
598 345 810 411 ,61-

162 513 308 580 siderum
343 520 376 579 et
409 512 489 579 caeli
518 515 704 580 dimetiendi
737 515 890 581 rationem
919 533 958 580 ac
987 514 1147 593 studium,
1177 515 1197 578 i.
1220 531 1246 579 e.

161 608 396 700 -ἆσσρονομίαν,
418 616 631 700 Chaldaeis1)
654 636 730 683 uero
751 615 955 699 praedicendi
977 634 1075 698 genus
1097 615 1249 681 attribuit

168 727 263 802 atque
287 726 323 783 ut
346 736 468 784 errores
489 718 625 786 euitaret
655 756 698 766 —
729 723 839 784 notum
862 719 945 782 onim
968 722 1017 782 est
1037 719 1248 784 astronomiae

166 831 202 886 et
224 820 417 903 astrologiae
446 839 541 887 uoces
571 824 680 887 eadem
710 821 777 887 iere
804 819 932 885 notione
954 821 1133 901 promiscue
1155 837 1247 885 usur·

164 930 261 1006 patae
283 941 354 988 esse
377 961 418 970 —
442 915 657 1008 ἀστρολογίας
686 923 845 989 notionem
866 918 1114 1010 γενεθλιαλογίᾳ
1135 922 1248 987 addita

162 1023 322 1092 defininit.

252 1129 356 1195 Maior
385 1134 493 1195 autem
524 1128 740 1212 discrepantia
763 1128 932 1209 unicuique
963 1127 1124 1193 uidebitur
1145 1127 1248 1192 inesse

167 1233 200 1297 in
223 1233 242 1315 ξ
263 1232 294 1297 4.
318 1231 464 1298 Clemens
485 1233 570 1297 enim
593 1234 633 1296 de
655 1232 766 1298 eadem
786 1231 923 1297 materia
945 1231 1069 1297 duabus
1091 1232 1129 1315 ἓξ
1150 1248 1248 1312 agens

169 1339 280 1400 narrat
302 1335 321 1417 ξ
345 1337 362 1400 7
385 1328 533 1420 ,Φρύγες
563 1371 605 1381 -
635 1332 772 1421 πτήσεις
802 1325 945 1421 ὀρνίθων
975 1329 1248 1420 παρεφολάξαντο

168 1437 316 1522 πρῶτονι
346 1443 379 1500 et
410 1436 428 1518 ξ
458 1437 478 1500 9
509 1431 666 1520 ,ζΊσαοροι
697 1435 755 1501 καὶ
783 1429 931 1522 ’Ἀραβες
960 1433 1161 1522 ἐξεπόνησαν
1191 1434 1247 1525 τὴν

162 1533 404 1623 σίωνισσικήν“,
425 1544 461 1604 at
483 1558 554 1604 cum
578 1539 722 1604 diuersas
744 1539 804 1604 hac
827 1541 867 1604 de
889 1558 924 1603 re
939 1547 1065 1605 exstare
1079 1540 1248 1604 memorias

169 1642 257 1707 nulla
287 1642 491 1707 adnotatione
523 1642 680 1706 monuerit
711 1642 759 1726 (id
790 1642 874 1721 quod
905 1640 984 1708 fecit
1005 1642 1024 1724 ξ
1047 1642 1076 1719 6,
1100 1639 1139 1706 ci.
1161 1641 1179 1723 ξ
1203 1642 1247 1723 1),

168 1745 237 1826 ipse
270 1744 408 1809 sensisse
440 1763 500 1809 non
534 1744 664 1807 uidetur
697 1761 731 1807 se
763 1741 811 1807 bis
842 1743 925 1806 idem
955 1734 1019 1827 εὕρ.
1054 1762 1246 1809 enumerare.

166 1846 262 1924 Quod
278 1863 348 1910 cum
365 1847 578 1929 perspexisset
588 1845 815 1926 Theodoretus‚
831 1852 999 1925 utramque
1010 1846 1246 1928 paragraphum

169 1948 352 2030 complexus
384 1955 418 2014 et
449 1949 629 2013 Isaurorum
659 1965 771 2012 nomen
804 1947 835 2011 in
864 1947 924 2012 hac
954 1967 988 2012 rc
1015 1947 1247 2029 ignotissimum

167 2051 277 2116 omisit
292 2056 325 2115 ct
335 2046 594 2136 σῖωνσσκονσικῆς
610 2068 720 2115 nomen
736 2050 1008 2115 accuratissimum
1025 2050 1195 2116 substituit
1205 2051 1245 2134 ²).

254 2155 299 2218 At
321 2154 440 2218 dixeris
456 2151 594 2219 fortasse
615 2172 632 2219 e
649 2153 804 2218 communi
821 2160 989 2234 utrumque
1003 2151 1091 2218 fonto
1106 2152 1247 2235 potuisse

166 2255 308 2322 naurire.
353 2256 414 2321 Sed
436 2256 504 2322 ueri
527 2255 773 2320 dissimillimum
797 2263 846 2320 est
861 2255 1094 2320 Theodoretum
1117 2257 1159 2320 ad
1175 2272 1247 2320 con·

170 2359 370 2425 scribendam
393 2365 459 2422 tam
482 2376 615 2440 paruam
638 2362 742 2438 operis
763 2368 889 2439 partem
910 2357 1104 2439 peculiarem
1126 2355 1246 2421 fontem

167 2460 295 2540 adiisse,
317 2479 389 2526 cum
410 2460 560 2526 materies
583 2464 696 2541 parata
719 2460 781 2524 iam
804 2464 890 2523 esset
912 2460 1000 2540 apud
1015 2460 1149 2524 eundem
1171 2477 1244 2523 auc-

163 2567 279 2642 torem,
302 2581 340 2627 ex
371 2581 433 2644 quo
455 2562 593 2644 plurima
615 2560 791 2644 repetebat.
836 2560 1000 2627 Permulta
1022 2562 1106 2627 enim
1128 2579 1246 2640 eorum,

165 2684 250 2749 quae
278 2664 309 2730 in
340 2665 531 2732 Theodoreti
567 2668 788 2752 θεροπενσικῗ
825 2664 992 2746 leguntur,
1026 2682 1043 2728 e
1075 2663 1247 2729 Clementis

165 2768 384 2836 Stromaiilcs
402 2766 532 2833 fluxisse
554 2767 585 2832 in
602 2774 753 2850 promptu
776 2773 825 2832 est
846 2787 884 2833 ac
898 2768 991 2849 plane
1007 2768 1128 2847 eadem,
1150 2783 1246 2846 quam

167 2870 220 2936 hic
244 2869 395 2948 instituit,
419 2870 541 2936 ratione
563 2889 634 2936 cum
657 2870 737 2935 alios
760 2877 828 2933 turn
858 2869 916 2934 hos
939 2870 1023 2935 locos
1045 2867 1244 2949 compilauit:

166 2972 285 3038 Theod.
305 2972 368 3036 XII
392 2973 432 3038 73
454 2992 485 3053 p.
510 2972 582 3049 175,
603 2971 646 3036 52
668 3007 710 3018 -
732 2992 764 3053 p.
789 2973 861 3053 176,
884 2971 924 3035 11
948 2990 986 3036 ex
1009 2969 1105 3036 Glem.
1128 2976 1184 3034 str.
1199 2969 1245 3034 IV

169 3076 219 3153 19,
243 3077 306 3141 120
320 3092 382 3157 sq.;
405 3074 523 3139 Theod.
547 3074 594 3138 XI
616 3074 700 3139 6-8
722 3094 753 3157 p.
771 3076 842 3154 152,
866 3075 991 3140 18-45
1013 3092 1051 3140 ex
1074 3072 1170 3138 (ilem.
1186 3078 1244 3137 str.

162 3177 507 3259 HQfflmm

167 3317 333 3324 —--.-..—.

257 3387 284 3459 1)
308 3383 443 3443 Sufficiat
463 3383 652 3442 admonuisse
674 3383 848 3442 aRomanis
871 3402 930 3456 eos,
954 3383 1003 3462 qui
1020 3381 1245 3442 mathematicas

161 3470 276 3529 addicti
292 3475 385 3542 erant,
408 3488 467 3528 non
483 3467 578 3527 solum
593 3469 816 3528 mathematicos
830 3468 880 3527 uel
895 3468 1067 3542 astrologos,
1089 3468 1140 3527 sed
1156 3467 1245 3527 etiam

166 3556 329 3621 Chaldaeos
350 3560 471 3614 uocatos
493 3573 567 3612 asse.

254 3641 480 3715 2)'l'heodorus
502 3640 618 3712 Prodr„
646 3638 682 3697 de
705 3658 764 3717 quo
787 3638 885 3698 statim
908 3657 1001 3712 agam,
1032 3637 1155 3695 candem
1178 3635 1244 3694 (tle-

168 3727 275 3785 mantis
290 3726 490 3785 narrationem
506 3725 693 3801 compilatam
715 3725 772 3784 hoc
787 3725 873 3782 modo
889 3723 1051 3799 expressit:
1073 3742 1101 3798 p.
1120 3726 1191 3794 553,
1203 3725 1242 3779 25

162 3813 286 3888 ,Κᾶρες
315 3806 347 3869 δὲ
377 3800 432 3885 τὴν
462 3803 512 3868 δνσὶ
542 3810 602 3867 τῶν
632 3804 748 3910 ἄστρων
770 3804 938 3910 πρόγνωσιν
968 3804 1018 3866 καὶ
1045 3801 1163 3885 Φρυγες
1190 3826 1245 3881 την

162 3891 493 3974 ορνιθοσκοπλαν
515 3891 566 3952 καὶ
590 3887 644 3969 τὴν
666 3885 901 3971 ὄνειρονριτικήν
927 3897 1103 3969 Τελμισεῖς.“
