2782 4642
573 368 808 438 -105-

154 541 295 623 uidetur,
318 545 405 627 quod
425 550 492 609 tam
514 561 611 625 saepe
633 542 810 626 complures
840 552 873 610 et
895 544 1040 610 diuersae
1062 544 1103 609 de
1124 545 1232 611 inuen-

153 643 278 710 toribus
301 646 471 713 memoriae
494 644 698 727 adferuntur3
731 646 859 728 saepius
889 647 972 712 euim
996 664 1090 728 quam
1115 647 1233 714 uiciens

155 747 277 814 diuersi
298 749 470 815 earundem
493 766 597 814 rerum
620 742 747 835 εὑρεταὶ
768 747 852 815 iuter
873 766 908 817 se
931 753 1141 831 opponuntur.

242 848 994 932 StratoneminiudiceexcipitHcraclides
1016 849 1233 932 Ponticus,

153 953 195 1018 de
217 969 279 1033 quo
300 953 378 1035 quid
410 955 453 1019 sit
482 955 688 1020 statuendum
720 952 941 1020 difficillimum
975 959 1025 1019 est
1046 954 1232 1019 diiudicata.

153 1055 191 1120 ln
214 1062 305 1121 textu
327 1055 411 1121 onim
433 1054 506 1120 libri
530 1055 590 1121 VII
612 1056 709 1122 semel
732 1061 996 1122 commemoratur
1017 1063 1116 1138 atque
1130 1057 1230 1122 multo

154 1164 230 1225 ante
251 1164 359 1240 caput,
382 1176 443 1240 quo
466 1159 596 1226 inuenta
629 1159 819 1241 indicantur,
846 1160 967 1228 scilicet
990 1159 1050 1226 VII
1076 1157 1148 1240 175,
1180 1158 1234 1225 ubi

157 1260 358 1346 significatur
379 1262 449 1330 eius
479 1261 561 1328 iiber
583 1261 662 1348 περὶ
684 1257 791 1329 ἄπνου
813 1265 994 1346 inscriptus.
1040 1261 1232 1328 Heraclidae

158 1363 257 1445 igitur
279 1383 389 1432 nomen
414 1365 510 1430 iudici
533 1366 686 1432 insertum
709 1369 736 1433 si
759 1366 820 1434 huc
843 1375 976 1449 spectat,
999 1368 1113 1433 lalsum
1128 1365 1232 1431 locum

160 1467 291 1546 obtinet,
322 1468 576 1550 quandoquidem
607 1475 682 1534 ante
714 1471 928 1536 Democritum
952 1471 1132 1553 ponendum
1154 1473 1231 1532 erat.

160 1569 224 1636 Sed
245 1590 264 1635 e
285 1573 361 1636 sede
383 1571 517 1638 nominis
539 1573 646 1654 potius
669 1573 887 1653 conligendum
910 1591 979 1638 esse
1001 1571 1145 1640 existimo
1167 1568 1234 1635 Pli-

159 1674 243 1737 nium
276 1672 317 1737 ab
348 1673 519 1740 Heraclida
549 1675 733 1741 heuremata
764 1677 919 1757 quaedam
950 1682 1130 1742 mutuatum
1154 1690 1232 1738 esse.

158 1775 324 1841 Ponticum
346 1784 454 1841 autem
477 1801 514 1845 π.
530 1772 594 1864 εὕρ.
618 1778 742 1844 duobus
764 1777 853 1844 libris
874 1781 977 1861 egisse
992 1780 1048 1846 La.
1073 1778 1231 1859 Diogenes

158 1877 231 1957 vo,
252 1878 275 1942 4
296 1878 367 1962 (88)
390 1886 538 1959 testatur,
559 1880 739 1962 fragmenta
763 1900 837 1947 uero
860 1882 956 1948 huius
978 1881 1083 1965 operis
1105 1881 1232 1947 desunt.

162 1980 223 2045 Sed
246 1987 373 2048 exstant
394 1985 550 2065 quaedam
573 1985 604 2050 ia
636 1985 818 2050 narratione
838 1984 945 2065 Plinii,
976 2002 1058 2068 quae
1080 1979 1233 2048 adalind

161 2083 350 2150 Heraclidae
372 2103 451 2167 opus
473 2085 608 2167 relegari
630 2087 763 2168 possint.
808 2085 940 2152 Oonlmo
962 2086 1044 2153 enim
1060 2083 1233 2151 Plutarcho

160 2187 198 2251 de
221 2187 336 2253 musii
356 2188 640 2255 animaduertimus
662 2207 834 2271 congruere
855 2209 926 2256 cum
950 2191 1005 2272 eis,
1028 2207 1111 2270 quae
1126 2188 1180 2254 ille
1202 2187 1234 2251 ia

161 2291 330 2376 Συναγωγῑ
352 2288 420 2354 crin
447 2285 481 2358 ἐν
501 2293 641 2377 penning·
670 2294 858 2371 tradiderat,
888 2293 965 2359 haec
994 2292 1089 2358 Plinii
1119 2292 1233 2356 heure·

160 2397 263 2458 mata:
279 2392 341 2459 VH
352 2393 421 2461 204
435 2394 581 2476 „cithara
595 2394 710 2461 cecinit
725 2396 846 2476 primus
861 2414 931 2462 cum
947 2401 1043 2463 canta
1059 2392 1237 2475 Amphioni

160 2503 194 2560 et
214 2495 452 2575 „citharoedica
482 2498 624 2564 carmina
653 2498 831 2579 composuit
861 2499 1047 2580 Terpander
1078 2496 1232 2579 primus“.

161 2600 265 2681 Atque
287 2616 357 2664 cum
380 2600 514 2665 eundem
537 2601 724 2683 scriptorem
746 2601 778 2666 iu
801 2602 938 2666 diuersis
952 2599 1043 2666 libris
1058 2600 1099 2666 de
1113 2598 1234 2664 eisdem

159 2701 254 2765 rebus
294 2702 426 2767 eandem
468 2704 661 2769 senteutiam
701 2703 873 2784 protulisse
906 2707 1148 2769 cousentaneum
1181 2699 1236 2777 ait,

160 2801 297 2871 Plinium
320 2805 403 2870 inter
425 2804 489 2870 alia
511 2825 550 2870 ex
571 2823 665 2888 opere
681 2805 869 2872 Heraclidae
892 2829 928 2870 π.
944 2799 1009 2892 εὕρ.
1032 2804 1151 2886 scripto
1173 2802 1235 2866 duo

162 2906 217 2973 illa
240 2907 370 2972 iuuenta
392 2906 667 2999 delibauissenon
690 2910 759 2975 siue
781 2909 886 2990 specie
909 2909 977 2974 ueri
1000 2925 1124 2973 sumere
1146 2903 1235 2969 nobis

161 3009 314 3074 uidemur.
358 3009 477 3075 Tamen
509 3029 587 3075 caue
618 3012 756 3078 conicias
787 3019 889 3078 totum
920 3012 961 3077 dc
991 3011 1086 3076 rebus
1109 3005 1236 3074 musicis

161 3112 263 3179 locum
294 3112 371 3196 (VII
402 3113 479 3194 204)
512 3132 551 3178 ex
581 3116 691 3180 eodem
724 3115 783 3182 hoc
815 3114 902 3180 sonte
934 3131 1002 3179 esse
1035 3112 1235 3189 deriuamm3

162 3215 326 3282 Athenaeo
348 3217 430 3281 euim
453 3216 528 3282 XIV
551 3238 581 3300 p.
604 3217 668 3282 624
682 3236 728 3299 sq.
750 3223 832 3284 teste
855 3215 1040 3283 Heraclides
1062 3215 1104 3279 de
1126 3213 1235 3278 modu·

161 3319 263 3384 lorum
285 3319 504 3386 incentoribus
526 3320 620 3386 aliter
641 3320 799 3385 iudicauit
820 3339 915 3402 quam
939 3318 1070 3383 Plinius.
1094 3368 1096 3373 ,

247 3421 374 3487 Tertius
412 3422 443 3488 in
484 3423 587 3489 indice
624 3422 951 3504 heurematographus
988 3418 1238 3503 deprehenditur

162 3525 545 3606 Philostephanus,
574 3525 664 3592 cuius
693 3544 805 3591 nomeu
834 3525 865 3589 in
897 3530 987 3590 textu
1009 3524 1058 3590 bis
1079 3520 1238 3603 reperitur

161 3628 224 3694 VII
245 3628 307 3697 207
330 3637 365 3693 et
394 3627 466 3695 208.
513 3628 657 3712 Ambigit
659 3647 696 3693 ur
729 3645 821 3711 ergo,
849 3633 961 3733 ,utrum
995 3622 1236 3706 Philostephani

163 3750 273 3798 nomen
297 3731 328 3797 in
351 3736 517 3796 auctorum
540 3748 670 3798 recensu
685 3730 769 3813 posit
771 3750 823 3797 um
846 3696 914 3796 sola
936 3731 977 3794 ad
994 3728 1074 3795 haec
1091 3725 1174 3792 frast
1160 3723 1236 3804 tula,

163 3835 278 3916 quibus
300 3833 497 3917 adscriptum
520 3840 579 3913 est,
601 3835 770 3915 pertineat,
793 3853 834 3898 an
848 3831 1014 3899 Plinius
986 3850 1016 3898 er
1031 3830 1128 3898 otiam
1143 3828 1238 3911 plura

164 3938 318 4005 debuerit.
363 3937 425 4005 Sed
449 3955 520 4003 cum
542 3937 596 4003 ille
618 3938 702 4004 inter
723 3942 878 4003 auctores
892 3934 1055 4002 Graecos
1045 3954 1078 4002 m
1094 3938 1163 4000 toto
1177 3931 1237 3999 hcc
