2782 4642
542 345 754 413 ..69-

101 514 191 582 niam
214 536 289 582 uero
311 518 397 599 apud
421 518 500 582 Plin.
524 519 620 584 Thasi
643 519 820 584 inuentoris
841 538 952 584 nomen
982 519 1184 602 recuperaui-

102 638 186 700 mus,
217 620 313 685 etiam
344 622 430 702 apud
460 621 542 704 Hyg.
566 622 687 702 „Taso“
717 630 898 704 corruptam
928 623 1119 705 scripturam
1151 625 1182 686 in

103 723 270 803 ‚,Thasos“
293 726 503 788 emendemus.
538 723 629 789 Unde
651 723 787 790 efficitur
802 725 835 788 in
857 726 974 806 uerbis,
997 744 1079 808 quae
1095 732 1184 789 ante-

102 827 234 906 cedunt,
256 825 401 891 lacunam
418 826 515 906 hiare,
538 845 621 905 nam,
642 827 675 892 id
699 828 861 908 quodiam
880 846 977 909 supra
999 825 1184 908 significaui,

102 928 257 994 montis
278 948 391 994 nomen
414 929 574 1009 quoddam
598 930 809 995 desideratur.
841 930 932 1007 Quod
947 930 1042 996 Plinii
1065 934 1098 992 et
1114 928 1183 993 Ole-

101 1030 221 1097 mentis
252 1032 271 1096 Ι.
294 1033 315 1097 l.
337 1033 569 1114 suppeditatur.
616 1037 720 1115 Atque
750 1034 1003 1116 quandoquidem
1035 1032 1184 1098 librarius

103 1134 265 1199 nominum
297 1134 504 1199 similitudine
544 1136 695 1216 deceptus
729 1135 877 1202 facillime
908 1135 1057 1201 nonnulla
1088 1133 1185 1198 uerba

103 1235 284 1302 transsilire
298 1237 412 1319 potuit,
436 1237 572 1303 Plinium
592 1238 847 1321 clementemque
863 1246 990 1304 secutus
1006 1238 1184 1320 supplenda

103 1357 218 1405 censeo
240 1339 334 1404 haec:
366 1339 415 1419 „in
447 1339 617 1422 Panchaia,
648 1340 798 1425 <Cadmus
828 1347 934 1405 autem
962 1339 1121 1424 Pangaeo>
1153 1341 1183 1403 in

105 1443 242 1508 monte“.
286 1442 444 1521 „Autem“
477 1443 634 1524 particula
656 1443 739 1509 enim
770 1443 802 1507 in
832 1444 978 1526 catalogo
1000 1442 1182 1525 Hyginiano

104 1545 234 1626 saepius
257 1549 438 1627 usurpatur,
462 1555 499 1608 ut
520 1545 694 1626 compluria
709 1546 893 1611 heuremata
915 1547 1066 1611 adunam
1083 1552 1183 1610 mate·

106 1649 184 1713 riem
222 1649 400 1730 spectantia
437 1653 659 1714 conectuntur:
696 1649 733 1730 ἓξ
763 1649 792 1713 2.
815 1649 845 1714 3.
871 1650 919 1714 17.
942 1650 993 1715 28.
1016 1650 1056 1713 31
1066 1658 1084 1714 ⁰.
1108 1648 1183 1727 3lf;

106 1750 214 1816 licebit
237 1769 313 1816 uero
335 1751 432 1816 etiam
455 1751 592 1816 scribere
614 1751 681 1814 siue
705 1757 761 1832 „ut
782 1751 838 1816 alii
854 1751 981 1817 dicunt“
1005 1750 1058 1832 (cf.
1075 1752 1093 1833 ξ
1109 1751 1183 1834 31¹³)

108 1854 175 1917 siue
198 1855 305 1935 „aut“,
328 1872 407 1934 quas
430 1853 665 1919 coniunctiones
681 1853 801 1918 Plinius
824 1854 854 1918 in
871 1855 1015 1935 catalogo
1030 1853 1184 1919 adhibere

106 1955 194 2021 solet.
240 1956 350 2038 Neque
372 1956 574 2039 impugnabo,
597 1958 624 2020 si
639 1956 710 2037 quis
725 1955 838 2021 Cadmi
861 1957 977 2022 nomini
1001 1956 1182 2037 „Phoenix“

109 2057 302 2139 gentilicium
326 2059 433 2139 addet,
456 2059 539 2124 sicut
561 2060 647 2138 apud
663 2058 743 2124 Plin.
760 2066 793 2123 et
811 2058 907 2124 Glem.
923 2059 1051 2142 legitur,
1074 2065 1182 2124 tamen

108 2160 315 2226 necessarium
339 2179 400 2224 non
422 2166 481 2240 est,
502 2163 690 2242 praesertim
713 2180 784 2227 curn
808 2163 826 2244 ξ
849 2164 878 2242 7,
909 2180 990 2242 quae
1013 2162 1183 2239 antecedit,

109 2263 293 2328 exhibeatur
324 2263 483 2344 „Cadmus
506 2264 661 2346 Agenoris
688 2262 802 2329 filius“.
846 2265 989 2345 Denique
1012 2271 1125 2344 restat,
1147 2270 1183 2328 ut

109 2373 182 2431 aute
205 2366 370 2448 „Thasos“
393 2385 503 2430 nomen
526 2370 715 2431 inseramus:
739 2365 826 2451 (aut).
854 2388 893 2413 ‘—

190 2470 209 2551 §
232 2468 393 2550 9„1ndus
416 2487 470 2533 rex
500 2470 532 2534 in
556 2469 687 2552 Scythia
717 2475 883 2551 argentum
905 2471 1028 2551 primus
1052 2470 1182 2550 inuenit,

107 2574 191 2654 quod
212 2571 441 2637 Erichthonius
463 2571 607 2637 Athenas
631 2573 752 2652 primus
774 2572 916 2637 attulit.“
940 2572 1102 2653 „primus“
1124 2590 1182 2651 pro

107 2675 281 2756 „primum‘
304 2674 406 2740 altero
428 2673 496 2738 loco
517 2674 699 2739 Knaackius
722 2695 751 2755 p.
775 2673 837 2740 587
862 2675 1006 2741 correxit.
1040 2672 1184 2754 Micyllus

108 2795 162 2857 pro
184 2777 321 2858 „Indus“
344 2779 479 2843 coniecit
510 2777 683 2858 „Lyncus“,
712 2776 797 2842 haud
831 2778 927 2844 dubie
959 2797 995 2842 ea
1019 2794 1115 2840 causa
1136 2776 1183 2839 in·

108 2879 232 2960 ductus,
254 2880 337 2960 quod
359 2880 433 2945 Indi
456 2899 567 2944 nomen
591 2879 780 2960 interreges
796 2880 984 2962 Scytharum
1000 2885 1182 2959 suspectum

109 2980 255 3048 habebat.
299 2982 370 3059 Qua
393 2984 502 3048 eadem
535 2984 567 3048 in
590 3002 625 3046 re
647 2982 829 3047 Knaackius
860 2984 938 3047 adeo
969 2981 1108 3061 odendit,
1138 2990 1184 3062 ut,

107 3085 251 3165 quamuis
275 3084 415 3150 Cassiod.
450 3105 516 3151 nar.
538 3087 582 3150 IV
606 3086 648 3149 34
677 3086 762 3150 idem
793 3085 893 3165 „Indo
923 3086 991 3167 regi
1015 3084 1183 3166 Scythiae“

106 3192 270 3268 argentum
293 3188 457 3252 inuentum
481 3189 620 3269 addicat,
643 3188 854 3254 coniecturam
878 3187 996 3268 Micylli
1027 3189 1094 3252 sine
1116 3187 1181 3252 ulla

106 3288 317 3356 haesitatione
340 3292 372 3356 in
388 3296 511 3356 textum
534 3298 566 3357 et
581 3291 699 3373 Hygini
723 3297 755 3354 et
772 3289 964 3356 cassiodorii
980 3290 1077 3371 recipi
1093 3291 1182 3355 iube·
1230 3298 1233 3306 '

105 3401 162 3457 ret.
208 3396 252 3459 At
275 3396 315 3458 de
337 3394 445 3477 Lynco
469 3393 657 3476 Scytharum
682 3412 755 3475 rege
777 3392 857 3459 nihil
879 3393 996 3458 scimus
1019 3393 1078 3457 nisi
1100 3410 1181 3473 quae

105 3496 197 3561 Ouid.
231 3501 304 3562 met.
328 3497 356 3561 V
388 3497 451 3563 649
466 3514 533 3578 sqq.
557 3503 666 3561 narrat
694 3533 735 3542 -
769 3495 808 3561 cf.
837 3496 925 3560 Seru.
950 3496 1043 3576 Verg.
1066 3498 1142 3559 Aen.
1165 3495 1182 3557 Ι

104 3599 176 3681 323,
199 3599 240 3664 al.
255 3620 314 3664 -:
338 3600 382 3665 ibi
397 3619 473 3665 uero
489 3618 529 3664 ne
543 3598 655 3663 uocula
670 3600 797 3679 quidem
814 3605 981 3682 argentum
998 3597 1180 3679 attingitur,

104 3702 273 3768 Praeterea
295 3710 401 3768 autem
417 3703 543 3768 omnino
558 3704 762 3785 cogitandum
777 3721 839 3766 non
855 3707 903 3766 est
920 3702 960 3765 de
975 3701 1038 3765 illis
1053 3698 1180 3781 finibus,

104 3824 181 3887 quos
205 3807 396 3872 uetustiores
419 3806 534 3871 Graeci
557 3806 747 3888 Scytharum
770 3804 888 3868 nomini
902 3802 1085 3870 adscribere
1101 3802 1180 3867 sole-

103 3910 189 3991 bant,
222 3910 292 3975 dioo
324 3909 395 3974 illos
426 3908 514 3991 fines,
556 3910 610 3990 qui
644 3909 727 3975 Istro
760 3916 793 3972 et
826 3906 967 3973 Tanaide
999 3905 1179 3972 fluminibus
