2782 4642
590 356 802 422 ..15-

152 524 192 591 dd
202 519 465 613 καίάναξορίδοις
478 526 508 609 1)
520 524 576 590 καί
585 524 642 614 τὴν
656 528 721 590 τῶν
736 519 893 607 εὐνούχων
904 521 1120 611 ίιτοιργίοινθ)
1131 523 1236 615 aipein

152 625 212 692 καί
249 626 319 692 διά
354 624 518 710 βίβλων
562 627 639 705 τάς
684 621 953 715 ἀποκρίσεις
991 635 1234 697 ποιεῖσθαι.

155 730 264 796 πολλοὶ
296 728 333 796 δὲ
355 727 551 811 ίντοτάξασοι
573 726 654 816 ἔθνη
677 729 926 818 πολεμικωτάτη
948 730 1004 795 καί
1027 725 1236 818 ἀνδρειοτάτη

154 829 189 896 ἕν
212 830 313 897 παντί
335 827 417 916 ἔργῳ
449 830 602 916 ἕνένετο.“
652 834 987 916 Heuremetographus
1018 836 1101 900 enim
1132 837 1235 901 nescio

153 937 225 1016 quis
258 954 328 1000 cum
359 955 397 1000 ex
425 935 582 1001 Hellanici
612 935 754 1000 Persicis
782 940 917 1002 Atossae
947 937 1077 1001 inuenta
1108 938 1172 1003 tria
1193 974 1235 983 —

155 1038 282 1118 tiaram,
312 1038 454 1116 braccas
485 1037 700 1103 eunuchorum
733 1039 915 1103 institutum
939 1075 980 1085 -
1014 1039 1235 1120 excerpsisset

153 1140 251 1206 etiam
284 1140 399 1220 uerba,
438 1159 520 1221 quae
550 1141 680 1205 tertium
719 1133 782 1226 είρ.
812 1141 1013 1223 excipiebant
1046 1139 1136 1225 (pal
1178 1141 1233 1205 dccl

153 1238 278 1324 βίβλων
316 1240 376 1318 τάς
405 1235 640 1327 άντοιιρίσειςθ)
667 1245 895 1326 ποιεῖσθαά),
924 1245 1016 1326 quasi
1046 1245 1079 1308 ld
1112 1263 1235 1326 quoque

153 1346 237 1410 inter
274 1345 404 1410 inuenta
440 1352 541 1425 esset,
579 1347 610 1409 in
648 1347 851 1412 conlectanea
887 1365 945 1411 sua
981 1347 1100 1414 adiecit
1136 1353 1234 1426 atque

153 1447 200 1512 ita
223 1465 261 1512 ea
283 1448 512 1529 interpretatus
534 1454 593 1526 est,
617 1452 653 1512 ut
668 1448 816 1513 Atossam
839 1449 1056 1529 epistolas
1078 1447 1235 1514 scribendi

153 1550 362 1616 inuentricem
384 1550 576 1631 perhiberet.
621 1550 836 1615 Periculosum
864 1570 938 1633 ergo
961 1558 1010 1616 est
1038 1551 1234 1616 heurematis

156 1658 301 1718 ueterum
323 1651 532 1735 confideret).

244 1754 400 1833 Quoniam
423 1754 549 1836 singula
571 1774 652 1836 quae
675 1757 829 1820 Tatianus
852 1756 973 1838 profert
1001 1757 1132 1822 inuenta
1160 1774 1233 1836 per-

155 1859 345 1938 censuimus,
379 1874 461 1921 nunc
492 1858 668 1938 uideamus,
701 1859 778 1938 quid
813 1859 887 1923 inde
918 1861 959 1923 de
989 1864 1057 1924 toto
1087 1857 1234 1938 catalogo

245 2119 274 2191 1)
299 2117 393 2176 Simili
417 2119 504 2176 modo
521 2118 633 2177 Persici
656 2119 782 2176 uestitus
804 2118 965 2191 excogitati
987 2118 1084 2177 honor
1105 2119 1236 2177 defertur

154 2204 191 2260 ad
213 2203 350 2261 Medeam
372 2223 418 2279 ap.
442 2203 538 2262 Strab.
560 2205 609 2260 XI
634 2208 682 2276 13,
709 2209 746 2261 10
770 2204 859 2262 etad
882 2203 1074 2263 Semiramio:
1098 2206 1134 2263 cf.
1158 2224 1233 2282 quae

153 2288 233 2345 infra
255 2310 283 2364 p.
307 2294 347 2346 42
371 2290 405 2347 ad
422 2289 512 2347 (ilem.
527 2288 623 2347 Alex.
647 2287 663 2366 ἓ
687 2294 725 2346 48
751 2289 899 2349 adnotaui.

241 2375 273 2449 2)
295 2375 332 2433 cf.
355 2373 463 2434 Donat.
485 2375 522 2431 ad
552 2373 618 2433 Ter.
641 2375 718 2434 Eun.
741 2375 757 2430 Ι
782 2380 808 2446 2,
835 2373 873 2431 07
897 2400 939 2422 =
962 2374 1081 2432 Hellan.
1104 2375 1139 2432 fr.
1166 2379 1234 2435 169.

241 2459 273 2536 3)
297 2460 380 2517 Idem
403 2461 465 2518 fere
487 2459 666 2532 institutum,
690 2461 753 2518 dieo
777 2477 938 2533 „responsa
960 2460 1099 2532 gentibus
1122 2479 1175 2534 per
1190 2461 1234 2516 in·
1350 2469 1353 2475 '

155 2544 326 2603 ternuntios
364 2545 456 2616 dari“,
494 2565 511 2603 a
542 2545 622 2601 Nino
655 2545 842 2620 Assyriorum
875 2562 944 2618 rege
984 2544 1139 2603 inuentum
1171 2565 1234 2603 esse

157 2630 248 2687 simili
279 2631 535 2704 argumentatione
565 2631 681 2705 prolata
710 2629 843 2689 Iustinus
864 2629 882 2686 Ι
904 2634 931 2700 2,
958 2632 995 2686 12
1019 2635 1235 2689 commemorat.

242 2715 274 2792 4)
298 2716 418 2773 Famam
442 2717 588 2794 quandam
617 2716 708 2788 locus,
740 2735 827 2794 quem
850 2714 983 2786 bactani,
1014 2716 1169 2773 adsecutus
1191 2721 1236 2773 est

157 2820 209 2876 per
232 2801 431 2879 Bentleyium,
454 2801 505 2879 qui
529 2821 563 2858 eo
587 2820 656 2858 usus
679 2809 732 2873 est,
755 2807 788 2860 ut
810 2801 950 2876 epistolas
973 2799 1162 2858 Phalarideas
1180 2800 1234 2857 fal-

155 2905 201 2944 sas
234 2905 299 2944 esse
329 2889 561 2945 demonstraret:
591 2883 760 2948 Ρλολονιά.
793 2887 837 2944 ed.
869 2886 1014 2944 Ribbeck.
1037 2905 1066 2960 p.
1092 2889 1151 2942 530
1168 2905 1234 2964 sqq.

150 2972 269 3047 'Deinde
293 2971 476 3033 Dodwellius
497 2968 550 3034 De
572 2975 677 3034 aetate
691 2969 826 3034 Ρλοίον.
842 2973 872 3032 ct
885 2967 979 3050 Pptt.
1001 2969 1090 3029 1704.
1112 2992 1140 3046 p.
1157 2970 1235 3028 Vlll

155 3058 291 3116 euincere
322 3056 435 3116 studuit
464 3059 500 3114 ab
534 3062 641 3115 Atossa
663 3066 809 3133 repertam
841 3076 904 3114 esse
936 3076 995 3114 non
1024 3063 1117 3116 artem
1140 3056 1235 3130 ipsam

155 3142 295 3218 epistolas
317 3143 474 3214 scribendi,
507 3143 558 3200 sed
590 3144 706 3201 tabulas
729 3141 902 3217 epistolares
934 3141 1063 3199 inuicem
1086 3138 1234 3216 compagi-

155 3229 260 3297 nandi3
282 3228 393 3286 frustra
408 3233 506 3286 tamen
523 3229 641 3286 sudauit
660 3229 692 3285 in
708 3220 880 3284 συντάττειν
893 3230 987 3285 ,uerbo
1002 3228 1234 3302 interpretando,

155 3315 233 3391 quod
265 3313 342 3372 sicut
369 3311 385 3391 S
412 3318 448 3370 12
481 3314 523 3371 ita
552 3315 608 3371 hoc
631 3333 750 3392 quoque
773 3313 836 3371 loeo
870 3312 946 3370 nibil
978 3312 1057 3370 aliud
1089 3313 1238 3387 significat

156 3400 211 3457 nisi
244 3418 421 3473 componere
452 3400 500 3455 uel
540 3399 678 3457 scribere.
734 3399 840 3456 Mirum
873 3417 946 3455 uero
978 3398 1010 3454 in
1040 3400 1158 3456 modum
1189 3419 1234 3457 er·

155 3491 297 3542 rauerunt
318 3484 464 3542 Krafftius
487 3490 518 3541 et
539 3484 700 3542 Teuffelius
724 3486 856 3542 dicentes
886 3483 990 3558 Pauly.
1014 3479 1196 3544 Redi-Eue.
1220 3485 1234 3539 I

159 3575 175 3625 2
198 3568 309 3646 (1886)
332 3589 361 3644 p.
386 3574 486 3629 2039:
509 3567 661 3645 „Helian
678 3567 855 3632 bereicbuet
871 3566 990 3630 Atossc
1013 3566 1062 3629 als
1078 3566 1129 3630 die
1144 3570 1234 3644 ceste,

155 3653 267 3717 welche
289 3651 403 3733 Briefe
431 3654 596 3734 cerfosstc,
629 3654 658 3716 d.
682 3653 710 3716 λ.
733 3654 779 3716 sc'c
808 3652 969 3715 toarciae
993 3651 1049 3714 der
1068 3651 1235 3732 frdbcsten

156 3737 326 3814 Ρινεοιιιιι,
358 3738 415 3802 der
444 3758 522 3802 νιοιι
551 3737 667 3819 Briefc
696 3736 912 3802 outerscbob.“
963 3739 1042 3796 Num
1075 3740 1132 3796 iam
1166 3744 1235 3796 ante

157 3825 351 3898 Hellanioum,
374 3831 524 3885 uetustum
546 3827 630 3884 illum
653 3825 837 3896 historicum,
859 3824 1068 3899 suppositiciae
1091 3824 1233 3902 epistolae

157 3911 438 3972 circumferebantur
449 3910 460 3969 ἓ
