2782 4642
584 394 795 460 ..2022

236 564 327 633 Hanc
356 571 523 647 postquam
555 560 742 650 εὑρημάτων
769 569 869 633 aciem
901 564 1050 632 instruxit
1073 567 1226 646 Clemens,

152 678 223 737 octo
239 670 379 734 Graecos
401 676 546 733 auctores
568 669 689 750 laudat,
712 671 802 751 quasi
825 689 863 734 ex
879 671 989 735 horum
1013 670 1106 734 libris
1121 672 1226 752 copias

152 792 226 837 suas
253 772 474 852 conscripserit
503 778 536 835 et
558 772 729 851 delegerit:
763 768 922 856 „Euripos
954 770 1013 855 μὲν
1036 765 1100 851 οὖν,
1123 774 1227 852 inquit

152 897 183 958 p.
200 874 251 954 65,
266 878 296 954 4,
319 867 332 936 ἱ
360 871 584 958 Μιτιληναῖος
598 871 654 936 καί
673 870 885 959 Θεόφραστος
900 867 1078 959 ὁἜρέσιος,
1095 869 1226 939 Kaldou-

152 975 218 1054 ντός
239 999 274 1040 τε
303 971 320 1041 ὁ
344 975 538 1056 Μαντινεύς,
567 971 616 1040 ἔτι
638 999 672 1039 τε
692 969 888 1061 Ἀντιφάνης
909 975 966 1041 καὶ
983 969 1225 1063 Ἀριστόδημος

151 1078 209 1145 καὶ
227 1072 470 1163 Ἀριστοτέλης,
498 1076 583 1164 πρὸς
597 1075 726 1155 τούτοις
741 1078 778 1144 δὲ
798 1079 1050 1165 Φιλοστέφανος,
1072 1072 1159 1144 ἀλλὰ
1173 1076 1227 1142 καὶ

155 1179 308 1268 Στράτων
331 1176 348 1246 ὃ
371 1180 628 1267 περιπατητικὸς
651 1179 684 1246 ἐν
706 1185 778 1258 τοῖς
800 1180 884 1268 Περὶ
906 1178 1092 1268 εὑρημάτων
1123 1181 1225 1246 ταῦτα

154 1282 334 1370 ἱστόρησαν.
365 1281 556 1370 παρεθέμην
585 1282 622 1348 δὲ
644 1277 747 1349 αὐτῶν
769 1278 861 1367 ὀλίγα
893 1281 940 1361 εἰς
973 1279 1133 1349 σύστασιν
1163 1285 1220 1371 τῆς

154 1385 245 1473 νταροὶ
260 1381 440 1472 βαρβάροις
462 1381 623 1473 εὓρετικης
643 1385 701 1450 καὶ
721 1387 904 1473 βιωφελοῦς
926 1383 1064 1472 φάσεως,
1088 1379 1166 1473 παρ’
1185 1375 1227 1451 ὧν

155 1485 302 1576 Ἓλληνες
323 1488 365 1553 τά
388 1485 629 1574 ἐπιτηδεύματα
651 1481 861 1575 ὠφέληνται.“

240 1595 284 1658 At
306 1612 384 1658 cane
405 1601 500 1673 putes
523 1593 716 1658 Clementem
739 1594 841 1674 ipsum
860 1597 887 1676 ¹)
910 1593 1007 1658 libros
1029 1593 1225 1658 uniuscuius-

153 1716 215 1778 que
238 1717 275 1762 ex
297 1705 368 1761 octo
390 1696 455 1761 illis
477 1695 683 1776 scriptoribus
705 1697 870 1777 euoluisse‚
893 1704 929 1761 ut
951 1697 1116 1761 materiem
1136 1712 1225 1759 suam

153 1801 343 1865 corraderet.
379 1799 416 1862 Id
433 1800 515 1862 enim
539 1798 758 1864 consuetudini
774 1801 842 1864 eius
859 1818 1054 1882 nequaquam
1071 1798 1227 1876 conuenit,

152 1903 270 1982 quippe
306 1919 398 1981 quom
431 1900 580 1982 pleraque
611 1901 728 1965 ueteris
766 1900 908 1966 Graecae
936 1901 1116 1980 doctrinae,
1146 1919 1226 1981 quae

152 2003 301 2085 operibus
334 2003 402 2066 eius
434 2003 643 2082 continentur,
675 2022 735 2067 non
766 2005 869 2084 ipsum
901 2003 1137 2084 conquisiuisse‚
1172 2003 1226 2067 sed

152 2112 344 2188 praeparata
378 2105 440 2170 iam
471 2124 508 2168 er
531 2105 663 2170 aliorum
687 2111 849 2171 auctorum
873 2106 1020 2192 operibns
1042 2105 1093 2170 uel
1122 2105 1225 2169 enchi-

152 2210 243 2274 ridiis
259 2208 513 2287 transscripsisse
528 2208 611 2272 inter
625 2227 733 2273 omnes
748 2214 871 2274 constet
882 2209 921 2289 2).
953 2207 1071 2274 Contra
1086 2209 1225 2287 qnando·¹

152 2313 280 2391 quidem
303 2329 397 2375 unam
419 2310 533 2375 saltem
556 2329 593 2374 ac
616 2311 764 2376 maiorem
787 2310 923 2390 catalogi
954 2317 1077 2391 partem
1109 2311 1172 2374 iarn
1196 2311 1223 2372 in

154 2415 295 2478 ordinem
338 2414 500 2478 redactam
533 2413 686 2478 Clementi
725 2414 892 2480 obuenisse
925 2412 1153 2492 intelleximus,
1189 2432 1225 2477 ne

153 2523 318 2581 auctorum
341 2517 468 2598 quidem
493 2516 665 2580 indiculum
697 2515 737 2579 ab
767 2515 825 2580 hoc
856 2517 927 2595 ipso
958 2513 1134 2581 conlectum
1157 2533 1224 2580 esse

154 2621 327 2684 credemus.
371 2619 471 2682 Immo
493 2626 655 2682 auctorum
679 2617 804 2683 nomina
828 2619 882 2682 uni
906 2637 943 2682 ex
965 2617 1104 2682 fontibus
1121 2617 1224 2683 deberi

155 2722 416 2787 uerisimillimum
446 2729 503 2801 est,
532 2720 646 2802 quibus
669 2721 855 2801 compilator
878 2739 952 2784 usus
974 2726 1031 2784 est.
1082 2719 1224 2803 Namque

155 2844 225 2889 cum
249 2825 331 2888 inter
353 2831 498 2887 auctores
521 2825 697 2889 nominatos
719 2829 869 2903 quattuor
891 2823 1089 2903 reperiantur
1104 2823 1225 2886 —dico

155 2928 347 3005 Scamonem,
370 2926 632 3007 Theophrastum,
655 2926 948 3007 Philostephanum‚
972 2925 1153 2989 Stratonem
1177 2961 1225 3003 —,

155 3048 231 3111 quos
260 3027 431 3110 peculiaria
463 3052 497 3093 ντ.
522 3022 584 3114 εὕρ.
614 3047 709 3109 opera
740 3029 877 3093 edidisse
915 3029 1009 3093 certis
1039 3026 1226 3091 testimoniis

156 3133 315 3213 cognitum
346 3130 517 3213 habemus,
554 3131 638 3195 hunc
670 3136 831 3195 auctorum
871 3131 1002 3196 indicem
1033 3130 1225 3210 pertinuisse

156 3234 299 3314 suspicor
322 3234 363 3296 ad
386 3233 593 3298 enchiridium
617 3234 787 3314 quoddam,
818 3251 880 3315 quo
902 3234 1032 3297 inuenta
1054 3250 1092 3297 ex
1115 3232 1225 3298 horum

243 3440 272 3516 1)
296 3442 378 3499 Haec
400 3443 588 3500 Brusslrernii
612 3441 653 3520 (p.
678 3441 731 3520 25)
754 3448 799 3500 est
820 3442 1001 3517 superstitio.

243 3527 274 3602 2)
296 3527 474 3585 Clementem
508 3528 679 3587 enchiridiis
708 3528 882 3607 quibusdam
914 3548 996 3586 usum
1020 3547 1083 3585 esse
1107 3528 1226 3587 demon·

155 3614 260 3672 strauit
292 3613 389 3670 Hiller
417 3611 525 3674 Herm.
555 3613 635 3671 XXI
668 3618 746 3671 1886
785 3634 813 3688 p.
848 3618 903 3670 126
921 3633 1002 3691 sqq.;
1041 3634 1107 3671 eum
1138 3615 1225 3672 etiam

158 3703 230 3757 duos
252 3700 349 3756 fontes
372 3699 402 3755 in
424 3719 515 3756 unum
531 3699 698 3758 confudisse
721 3699 842 3775 primus,
864 3699 894 3755 ni
910 3699 1005 3770 fallor,
1028 3699 1128 3759 docuit
1146 3700 1226 3758 Diel-

156 3787 216 3843 sius
246 3781 387 3864 Domopr.
414 3781 471 3847 Gr.
500 3785 578 3842 1879
609 3806 637 3860 p.
664 3790 722 3843 129
739 3803 820 3862 sqq.;
852 3784 1005 3858 segnitiem
1035 3792 1133 3843 autem
1163 3787 1227 3846 eius

155 3870 285 3930 ostendit
307 3869 521 3930 Wandlandius
545 3867 751 3948 Quaestiones
772 3867 999 3932 Musonianus
1022 3870 1120 3930 Berol.
1146 3876 1227 3930 1886

155 3977 183 4032 p.
208 3962 246 4014 34
264 3975 328 4033 sqq.
