2782 4642
599 374 638 388 ..
682 334 725 406 99
769 374 808 391 ..

162 507 213 572 de
228 505 427 591 agricultum
448 511 623 592 quaeritur,
643 511 814 580 interiecta
832 531 903 579 cum
927 519 1040 583 neutro
1056 513 1122 579 ulla
1137 526 1245 604 neces

163 610 305 685 titudine
326 611 497 678 cohaerent
518 619 616 695 atque
638 633 676 681 so
697 615 892 697 suspectiora
908 621 991 696 sunt
1013 617 1098 697 quod
1117 618 1245 700 utrique

164 713 248 790 alius
276 721 405 794 praesto
434 721 484 780 est
514 716 600 780 locus
630 718 981 786 accommodatissimus
1033 719 1114 785 Nam
1151 721 1170 802 ξ
1201 721 1243 788 58

165 817 428 899 „uehiculum
461 837 531 884 cum
562 825 713 902 quattuor
741 821 822 887 rotis
852 819 1059 903 Phryges·“
1083 821 1244 889 simillima

161 925 215 985 est
235 921 255 1004 ξ
277 921 319 986 98
335 939 383 1003 sq.
405 921 550 1003 „bigas
571 924 674 1004 prima
695 923 797 989 iunxit
819 923 1023 1006 Phrygum
1047 925 1144 1004 natio,
1164 943 1244 1008 qua·

162 1023 274 1104 drigas
303 1023 551 1090 Erichthonius‘
581 1026 658 1108 (VII
678 1026 757 1110 202)
786 1032 822 1093 et
842 1026 862 1108 ξ
883 1026 926 1093 59
955 1035 1243 1106 „mercaturas

159 1124 281 1191 'Poeni‘
310 1126 476 1207 aptissime
507 1129 655 1210 coniungi
686 1129 792 1210 potuit
823 1146 894 1195 cum
923 1129 943 1210 ξ
967 1131 984 1193 1
1018 1147 1176 1212 „emere
1197 1149 1243 1197 ac

163 1229 346 1294 uendere
367 1231 508 1295 instituit
529 1280 538 1295 .
561 1232 629 1313 .†.
654 1235 698 1314 .¹)
720 1231 816 1298 Liber
832 1233 952 1314 pater“.
997 1231 1067 1308 Qua
1090 1233 1130 1299 de
1145 1250 1242 1298 causa

164 1350 224 1396 non
248 1333 317 1398 sine
338 1333 567 1414 probabilitate
589 1335 778 1401 contendere
806 1334 882 1400 lieet
911 1334 990 1401 haec
1009 1333 1105 1400 ambo
1127 1335 1240 1402 heure·

163 1440 251 1500 mata
273 1454 293 1499 a
315 1434 430 1516 Plinio,
459 1453 530 1502 cum
552 1437 633 1503 liber
660 1438 724 1519 iam
754 1437 953 1518 conscriptus
982 1446 1084 1517 esset,
1098 1504 1101 1509 ,
1115 1454 1155 1505 ex
1178 1436 1240 1503 alio

164 1537 269 1621 aliquo
292 1537 380 1603 fonte
402 1540 515 1606 addita
530 1558 609 1606 esse.
637 1539 772 1607 consta
786 1543 869 1607 enim
885 1541 969 1605 inter
982 1556 1091 1607 omnes
1105 1540 1239 1608 Plinium

163 1659 259 1723 opere
290 1639 435 1707 absoluto
468 1643 612 1724 exempla
641 1641 797 1722 conligere
829 1660 891 1709 non
920 1640 1062 1722 desiisse,
1095 1651 1131 1708 ut
1159 1663 1240 1727 quae

163 1746 332 1827 scripserat
353 1742 572 1826 amplificaret,
594 1751 705 1826 postea
727 1755 843 1823 autem,
866 1762 947 1825 quae
970 1743 1022 1810 ille
1043 1745 1075 1809 in
1097 1746 1241 1827 margine

163 1847 382 1926 adnotauerat,
403 1846 485 1913 fauo
499 1846 685 1930 plerumque
698 1848 766 1914 loco
781 1848 813 1912 in
829 1852 952 1913 textum
966 1847 1140 1928 irrepsisse.
1173 1847 1239 1913 Nec

164 1949 228 2015 scio
242 1970 285 2016 an
299 1951 378 2015 item
394 1949 477 2016 inter
499 1950 719 2032 supplementa
734 1951 874 2017 eiusdem
896 1950 1022 2030 generis
1042 1952 1239 2016 numeranda

162 2051 237 2133 sint,
259 2070 341 2135 quae
356 2071 469 2135 agmen
488 2053 687 2119 incentorum
712 2053 873 2130 claudunt,
896 2052 914 2135 ξ
938 2051 1000 2119 178
1014 2070 1079 2135 sq.:
1102 2052 1239 2132 „animal

160 2156 277 2220 occidit
291 2156 414 2237 primns
429 2155 611 2239 Hyperbius
627 2157 739 2221 Martis
753 2154 848 2237 filius,
871 2153 1079 2231 Prometheus
1094 2154 1237 2235 bouem“‚

161 2259 308 2337 quoniam
324 2258 439 2323 mirum
455 2259 487 2322 in
503 2259 630 2323 modum
646 2258 724 2324 haec
739 2258 925 2325 heursmata
946 2257 992 2322 eis
1014 2259 1237 2340 adnectuntur,

158 2379 239 2442 quae
261 2363 303 2426 ad
326 2380 392 2426 rem
417 2360 561 2426 naudem
583 2360 744 2442 pertinent
766 2360 817 2442 (ἓξ
843 2358 1035 2442 ree-177).

243 2466 332 2531 Haec
354 2464 556 2545 conliguntur
570 2483 609 2529 ex
623 2463 733 2528 ordine
749 2480 865 2529 rerum.
895 2461 986 2527 Nunc
1001 2463 1235 2540 consideremus

158 2574 379 2650 argumentum
401 2568 517 2648 ipsum.
561 2568 609 2631 Ac
630 2564 832 2631 manifestum
862 2572 913 2631 est
935 2564 1146 2631 narrationem
1168 2563 1234 2632 lere

157 2676 257 2736 totam
280 2671 383 2737 redire
405 2671 448 2735 ad
477 2670 679 2735 Graecam
709 2669 896 2735 doctrinam.
940 2666 1066 2733 Etenim
1087 2666 1232 2752 plerique

157 2775 337 2840 inuentores
366 2777 442 2838 eunt
475 2772 589 2838 Graeci
619 2779 677 2838 aut
707 2778 792 2839 certe
822 2769 974 2839 Romanis
1003 2788 1061 2852 per
1093 2769 1232 2849 Graecos

157 2877 274 2958 cogniti
297 2893 398 2956 neque
428 2874 491 2939 ullo
523 2874 619 2940 uerbo
648 2879 725 2952 (una
753 2891 790 2939 re
810 2879 953 2953 excepte,
974 2874 995 2953 ἕ
1018 2873 1074 2956 7¹)
1096 2891 1149 2939 res
1169 2872 1232 2939 Ro·

156 2998 268 3046 manae
282 2978 504 3058 respiciuntur,
519 2995 699 3060 quanquam
714 2974 916 3055 incatalogis
931 2980 966 3040 et
980 2974 1231 3051 Christianorum

157 3088 188 3148 et
209 3082 329 3165 Hygini
351 3081 506 3147 eiusmodi
535 3079 711 3162 compluria
740 3078 1022 3144 animaduertimus
1049 3085 1082 3144 et
1109 3077 1232 3157 Plinius
1354 3132 1357 3140 .

155 3187 224 3267 ipse
246 3188 276 3250 in
301 3184 414 3251 ceteris
427 3185 514 3250 Hist.
528 3183 607 3249 Nat.
622 3182 714 3250 libris
729 3199 875 3264 magnam
889 3181 1101 3271 Romanorum
1121 3183 1231 3250 inuen-

155 3295 258 3353 torum
281 3288 404 3370 copiam
419 3286 537 3353 litteris
552 3285 725 3353 mandauit.
748 3285 870 3355 Deinde
892 3301 994 3351 sermo
1015 3303 1139 3367 quoque
1153 3304 1231 3349 non·

155 3389 249 3456 nullis
295 3391 372 3457 locis
409 3389 600 3456 Graecorum
647 3386 904 3454 consuetudinem
944 3387 1037 3468 sapit.
1086 3387 1231 3468 Namque

155 3493 251 3574 §118
272 3493 390 3575 legitur
412 3492 498 3576 „Pan
514 3491 682 3571 Mercuri“‚
704 3489 802 3573 §155
824 3489 1026 3570 „Demetrius
1048 3489 1228 3570 Antigoni‘,

244 3653 271 3727 1)
302 3651 376 3711 Hiat
405 3651 510 3728 procul
539 3650 628 3709 dnbio
658 3649 708 3708 hio
734 3647 825 3720 locus,
856 3646 1000 3706 excidisse
1029 3645 1169 3705 uidentur
1199 3653 1230 3706 et

153 3757 261 3797 nomen
285 3737 423 3797 Mercurii
453 3743 484 3797 et
512 3736 667 3795 inuentum
696 3733 817 3813 aliquod
848 3732 974 3792 Bacchi:
1004 3731 1227 3791 chonensium

153 3818 268 3886 Plot'lol
289 3823 346 3883 VII
364 3827 444 3880 1852
467 3840 494 3897 p.
512 3825 573 3880 394
596 3827 626 3880 et
639 3820 819 3880 Urlicheinnr
833 3815 922 3882 Aron.
934 3814 1045 3898 philol.
1062 3817 1100 3876 77
1116 3819 1228 3894 (1858)

152 3929 182 3985 p.
206 3913 266 3967 aaa
290 3915 321 3967 et
348 3904 471 3970 Vindia
493 3902 580 3970 Pltn.
607 3911 686 3965 naso
708 3926 738 3982 p.
764 3909 834 3964 rsa.
1212 3961 1215 3967 .

994 4001 1037 4066 7*
