2782 4642
597 336 787 412 „4-

151 521 334 600 posuerunt,
365 516 460 582 certis
490 517 648 597 capitibus
666 518 795 583 ¹multas
818 517 985 598 nudasque
1008 537 1059 584 res
1081 516 1230 583 iuuentae

155 627 395 685 enarraueruut.
439 618 577 683 Maxime
599 619 802 685 Posidonium
831 620 863 683 in
886 620 1087 707 Protreptico
1116 621 1231 685 heure-

153 722 397 804 matographum
420 721 582 786 exstitisse
604 741 622 786 e
646 721 783 787 Senecae
804 722 897 803 epist.
921 723 963 788 90
994 723 1147 790 discimus
1177 719 1230 801 (cl.

154 821 217 889 Cic.
239 823 331 890 Tusc.
356 821 444 904 125,
467 824 526 904 62;
549 824 578 888 V
600 825 631 904 2,
653 826 699 905 5).
742 824 823 890 Nam
847 831 882 890 ut
904 825 1136 890 demonstraret
1158 823 1231 905 phi·

154 926 329 1007 losophiam
367 945 437 992 esse
468 926 585 991 artium
624 927 849 1005 incentricem,
881 928 948 1008 cui,
980 926 1230 1006 quibuscumque

154 1028 186 1093 in
209 1028 370 1094 cotidiano
400 1029 468 1093 uita
498 1028 609 1106 utitur,
640 1028 782 1092 homiues
810 1029 974 1108 deberent,
1005 1046 1063 1092 non
1094 1046 1231 1109 paruum

154 1149 319 1196 numerum
350 1149 453 1196 rerum
484 1131 686 1195 iuuentarum
716 1131 860 1210 protulit,
891 1131 980 1196 uelut
1011 1135 1096 1196 tecta
1118 1129 1233 1210 moliri,

152 1232 347 1298 ferramenta
385 1231 523 1310 fabrilia,
555 1231 714 1312 malleum,
754 1230 885 1311 forfices,
918 1239 1019 1297 artem
1051 1232 1232 1311 textrinam,

152 1343 295 1400 aratrum
327 1335 463 1415 aliaque,
491 1352 572 1415 quae
601 1354 622 1399 a
651 1334 923 1416 sapientibus
952 1352 1023 1399 esse
1052 1334 1232 1414 excogitata

155 1437 328 1502 contendit.
380 1437 423 1502 Et
455 1437 637 1502 iuueniores
674 1454 799 1519 quoque
832 1437 917 1517 ipsos
953 1436 984 1500 in
1019 1436 1087 1500 eius
1122 1436 1232 1501 Protr.

153 1539 336 1604 nominatim
359 1539 458 1606 luisse
481 1541 629 1605 laudatos
652 1540 763 1620 paucis
779 1546 864 1604 certe
885 1539 1038 1621 exemplis
1059 1539 1231 1620 probatur:

153 1640 329 1705 Daedalum
361 1642 443 1707 enim
474 1659 612 1721 serram,
643 1641 893 1707 Anacharsidem
927 1647 1027 1705 rotam
1056 1639 1232 1720 figularem,

154 1745 370 1812 Democritum
400 1746 550 1812 fornicem
582 1747 702 1827 primos
730 1745 842 1811 iecisse
871 1745 989 1812 Seneca
1020 1742 1159 1826 (ep90,
1184 1744 1231 1807 14.

154 1849 206 1914 31.
228 1848 284 1929 32)
307 1855 389 1913 teste
412 1847 599 1913 Posidonius
621 1849 773 1913 narrauit.
816 1847 960 1930 Itemque
990 1849 1053 1912 iam
1077 1846 1233 1910 Aristote-

155 1950 217 2015 lem
240 1951 272 2014 iu
294 1950 402 2015 Protr.
424 1969 532 2015 omues
554 1956 640 2016 artes
655 1950 902 2032 disciplinasque
925 1968 942 2014 e
964 1948 1164 2030 philosophia
1179 1949 1233 2011 de-

154 2053 283 2117 duxisse
298 2054 518 2134 demonstrant
532 2053 726 2119 Iamblichua
738 2055 768 2133 ¹)
785 2057 819 2116 et
832 2051 963 2118 Procius
975 2050 1014 2129 ⁹).
1060 2050 1145 2132 Ergo
1161 2068 1233 2115 cum

153 2153 360 2219 Aristotelem
383 2157 416 2219 et
438 2154 640 2221 Posidonium
665 2154 839 2219 habeamus
862 2159 971 2235 testes,
994 2172 1055 2218 non
1078 2153 1145 2218 siue
1160 2170 1232 2232 pro-

154 2254 321 2321 babilitate
350 2255 508 2338 conligere
538 2256 628 2322 nobis
661 2257 806 2321 uidemur
838 2255 935 2321 talem
958 2279 995 2320 π.
1018 2249 1082 2340 εὕρ.
1104 2272 1232 2320 enarra·

151 2358 269 2424 tionem
284 2357 467 2423 sollemnem
480 2359 751 2426 Eubortutlooum
771 2355 877 2424 τόπον
899 2357 1006 2425 fuisse.
1042 2357 1230 2438 Quanquam

152 2462 288 2526 concedo
312 2480 372 2527 non
396 2463 456 2527 nisi
477 2462 588 2544 paucis
620 2462 697 2528 locis
716 2461 917 2528 Posidoniani
939 2461 1135 2542 Protreptici
1159 2477 1232 2523 auc·

152 2570 238 2628 tores
260 2565 415 2631 nominari
437 2585 542 2632 rerum
565 2566 785 2643 inuenturum3
817 2565 873 2629 sed
906 2569 1055 2643 excerpta
1076 2568 1231 2641 tenemus,

153 2685 212 2731 non
236 2665 377 2749 integros
398 2668 505 2733 libros.

238 2768 338 2833 Simili
361 2786 458 2833 causa
480 2770 612 2835 adducti
637 2770 660 2834 ii
689 2770 901 2852 theologi,
924 2787 1002 2851 quos
1024 2769 1231 2833 Euheme-

152 2870 291 2934 ristas
321 2887 435 2934 uocare
465 2870 610 2950 solemus,
638 2871 721 2936 idem
751 2882 974 2954 argumentum
1001 2876 1230 2935 tractaueruut.

153 2971 297 3051 Namque
320 2989 391 3036 cum
413 2991 452 3036 ex
474 2971 611 3036 humano
626 2991 740 3052 genere
763 2991 826 3051 eos,
848 2974 902 3054 qui
919 2974 970 3037 uel
986 2973 1107 3037 uirtute
1129 2971 1231 3036 homi-

153 3074 245 3139 nibus
259 3071 452 3155 proluisseut
463 3075 514 3140 uel
525 3075 662 3139 inuentis
674 3074 844 3141 humanam
857 3076 957 3141 uitam
970 3075 1179 3140 excoluissent
1191 3078 1231 3156 ³),

152 3178 185 3242 in
208 3177 350 3242 ordinem
372 3178 502 3243 deorum
524 3176 698 3254 translatos
720 3196 791 3245 esse
807 3181 964 3253 docerent,
986 3179 1084 3242 etiam
1099 3178 1232 3243 inuenta

152 3279 264 3344 horum
287 3280 416 3345 deorum
438 3281 695 3360 quamplurima
725 3281 879 3346 referrent
909 3297 1035 3345 necesse
1064 3286 1143 3345 erat.
1189 3279 1231 3344 Et

153 3400 188 3446 re
221 3400 299 3446 uera
328 3383 410 3448 inter
438 3383 540 3463 ipsius
570 3382 742 3448 Euhemeri
771 3382 920 3465 reliquias
951 3400 1011 3446 non
1043 3400 1145 3463 pauca
1176 3384 1229 3447 de-

153 3537 356 3544 ——um-

243 3640 272 3718 l)
300 3636 468 3703 Commeat.
497 3637 632 3722 Pytoap.
666 3642 733 3700 III:
771 3641 928 3701 Villoiaon.
957 3639 1079 3704 Artecd.
1115 3639 1230 3705 Graec.

158 3726 247 3785 1781.
269 3727 355 3802 Hp.
379 3730 450 3800 218,
468 3726 507 3784 27
520 3747 586 3805 sqq.

241 3811 272 3888 2)
300 3807 416 3874 Oomm.
437 3811 473 3875 irc
493 3809 624 3875 Eocbd
647 3833 676 3888 p.
701 3817 750 3886 29,
777 3815 877 3871 1-12
901 3812 1010 3871 Friedl.

240 3901 269 3970 3)
293 3897 415 3957 Euhem.
438 3918 484 3974 ap.
506 3898 641 3958 Lactant.
664 3897 703 3961 de
724 3897 778 3959 ira
800 3896 851 3959 dei
876 3903 911 3956 ll
936 3919 965 3974 p.
984 3904 1042 3957 190
1066 3901 1185 3975 Bipont.
