2782 4642
585 351 796 419 „25-

156 520 338 587 Τουσκανοί
359 528 466 588 autem
489 521 623 588 formam
647 525 681 606 (ξ
705 524 761 605 21)
784 525 825 587 ad
848 523 1022 587 Romanam
1047 523 1231 588 memoriam

154 627 302 692 reuocaui
324 645 422 707 supra
444 628 486 692 ad
510 627 579 691 Tat.
596 628 615 709 ξ
633 629 681 691 11.
725 625 922 690 Offendimus
945 643 1021 689 uero
1045 643 1104 689 non
1129 626 1230 690 solum

152 730 183 792 in
207 748 245 793 ea
268 747 311 806 re,
344 731 426 808 quod
447 720 587 804 Ἰταλίας
608 725 747 812 γείτονες
777 726 1005 808 significantur,
1038 729 1095 791 sed
1126 729 1232 817 etiam,

153 833 236 911 quod
260 831 391 897 uerbum
414 831 475 899 hac
505 832 725 914 §adhibitum
757 852 776 896 a
798 838 976 896 ceterarum
999 830 1136 912 catalogi
1160 850 1231 894 nar-

86 957 89 963 ’
155 935 313 999 rationum
337 936 565 1000 consuetudine
587 935 746 1000 abhorret.
791 934 1026 998 Enumerantur
1047 933 1131 998 enim
1154 933 1231 997 heu·

154 1043 278 1101 remota
306 1037 392 1102 hisce
423 1036 489 1101 iere
528 1037 646 1102 modis:
689 1042 863 1118 usurpatur
895 1043 951 1099 aut
982 1034 1116 1100 uerbum
1159 1037 1229 1099 siue

154 1139 333 1204 inueniendi
356 1140 422 1204 siue
445 1140 578 1204 docendi
601 1140 728 1222 aliquod
760 1144 818 1204 aut
849 1139 981 1204 uerbum
1012 1136 1137 1202 finitum
1161 1155 1230 1202 cum

153 1244 285 1326 πρῶτος
302 1240 413 1306 cocula
429 1242 559 1319 addita;
583 1250 759 1322 repugnant
783 1242 851 1306 sola
866 1242 965 1306 uerba
980 1232 1129 1320 αὐξάνειν
1144 1241 1162 1321 ξ
1181 1241 1230 1318 14,

154 1347 193 1409 de
226 1362 288 1424 quo
322 1341 403 1407 infra
434 1344 585 1424 dicemus
614 1352 646 1409 et
669 1336 821 1427 ιἰιριβοῦι
843 1363 889 1425 eo,
922 1362 1016 1424 quem
1047 1347 1231 1421 tractamus

154 1447 230 1511 loco.
262 1446 351 1525 Quae
366 1463 435 1509 cum
451 1449 498 1510 ita
513 1447 587 1525 sint,
603 1446 794 1512 Clementem
819 1448 865 1511 eis
887 1441 1021 1532 εὑρετῶν
1042 1445 1230 1522 nominibus

155 1566 236 1629 quae
252 1546 282 1611 in
297 1546 385 1613 fonte
401 1547 512 1628 legerit
527 1587 568 1592 —
584 1548 768 1630 Cypriorum
786 1550 857 1615 dico
873 1556 905 1615 et
920 1550 1168 1616 Chaldaeorum:
1192 1546 1229 1611 cf.

154 1649 222 1715 Tat.
239 1650 258 1731 ξ
273 1652 312 1729 4;
336 1650 430 1732 Greg.
447 1651 466 1730 ὅ
483 1653 523 1714 14
538 1660 571 1716 et
586 1649 669 1715 infra
683 1671 713 1733 p.
728 1653 769 1718 47
781 1671 848 1734 sqq.
866 1689 916 1731 -‚
934 1650 1112 1733 repudiatis
1127 1651 1229 1732 ipsum

143 1772 191 1849 'ex
209 1771 268 1818 sua
303 1753 479 1834 cognitione
516 1753 718 1835 supposuisse
754 1754 872 1820 conicio
909 1755 1077 1834 Etruscos,
1114 1754 1231 1834 quippe

158 1873 287 1935 quorum
312 1856 492 1938 aruspicina
514 1875 567 1921 ars
581 1894 622 1902 -
638 1856 773 1921 maxime
795 1860 877 1938 apud
901 1857 1061 1922 Romanos
1077 1894 1116 1902 —
1134 1856 1231 1919 notis-

156 1958 235 2021 sima
258 1957 529 2038 usitatissimaque
550 1956 657 2036 fuerit,
680 1964 777 2038 atque
792 1960 838 2023 ita
853 1961 991 2041 quidem,
1015 1964 1061 2040 ut,
1083 1958 1231 2039 quoniam

155 2060 225 2124 illos
260 2061 461 2140 aruspicinae
491 2061 693 2124 inuentae
726 2060 820 2124 lande
850 2070 978 2129 ornatos
1010 2061 1145 2142 uiderit,
1183 2060 1232 2124 his

156 2170 257 2228 artem
281 2162 489 2228 excultam
513 2162 715 2228 attribueret.
760 2162 802 2226 m
818 2181 887 2228 cum
903 2164 971 2244 ipse
986 2184 1102 2231 nouum
1117 2181 1229 2230 nomen

158 2264 385 2345 substituisset,
415 2267 507 2330 sedes
531 2265 640 2347 populi
668 2267 808 2330 indicare
831 2266 959 2330 uidetur
981 2267 1147 2347 cupiuisse‚
1170 2284 1233 2347 qua

156 2366 186 2430 in
211 2387 245 2432 re
267 2368 468 2448 neglegentia
490 2370 645 2450 peccauit.
669 2404 709 2413 —

239 2471 257 2552 ἕ
280 2471 300 2534 9
323 2464 485 2556 ,,”Ισαυροι
516 2468 553 2535 δὲ
574 2468 632 2534 καὶ
652 2465 799 2556 ’Ἄραβες
822 2464 1023 2555 ἐξεπόνησαν
1044 2467 1101 2556 τὴν
1124 2467 1228 2535 οἰωνι-

157 2567 298 2659 στικήν.“
342 2574 376 2655 a)
403 2603 446 2625 =
468 2573 537 2637 Tat.
561 2575 579 2655 ξ
601 2574 653 2652 3¹³;
688 2573 724 2654 b)
749 2572 786 2638 cf.
812 2572 1232 2654 cic.oiu.141‚92;42‚

239 2779 277 2861 §§
304 2779 350 2842 10.
376 2780 425 2843 11.
450 2779 498 2843 12.
521 2808 564 2830 =
585 2780 655 2843 Tat.
679 2780 718 2862 ἓξ
740 2781 768 2844 1.
796 2780 982 2845 15.13.—

239 2882 258 2963 ξ
283 2882 335 2946 13²
364 2878 525 2963 „Insopor
556 2880 593 2945 δὲ
620 2881 737 2961 Φοῖνιξ
759 2874 795 2967 ἧν
818 2877 835 2945 ὁ
857 2884 921 2946 τῶν
942 2878 1140 2969 γραμμάτων
1162 2874 1231 2945 Ἕλ-

156 2981 245 3067 λησιν
275 2978 413 3070 εὑρετής,
442 2976 488 3059 ὥς
517 3003 616 3069 φησιν
627 2977 777 3069 Ἔφορος,
809 2978 890 3048 ὅθεν
910 2983 967 3050 καὶ
994 2979 1165 3071 Φοινικήια
1187 2981 1229 3047 ιὰ

154 3079 330 3170 γράμματα
345 3081 523 3171 Ἡρόδοτος
543 3085 723 3171 κεκλῆσθαι
745 3081 893 3172 γράφει.“
937 3087 1025 3154 Idem
1050 3088 1135 3168 apud
1153 3087 1228 3150 Luc.
1309 3081 1313 3099 '

154 3189 265 3254 Tarrh.
280 3192 310 3270 ¹)
333 3191 365 3253 iu
388 3187 525 3254 Bekkeri
556 3193 614 3260 An.
638 3189 693 3253 Gr.
716 3209 746 3271 p.
771 3190 841 3267 783,
866 3192 894 3270 1,
917 3191 971 3269 qui
993 3190 1114 3270 Ephori
1139 3188 1229 3253 testi-

154 3293 290 3357 monium
323 3293 363 3356 ad
397 3293 512 3358 librum
552 3294 689 3356 alterum
725 3294 863 3374 relegat3
902 3292 1075 3372 ambigitur
1112 3302 1230 3382 autem,

154 3401 258 3458 utrum
280 3395 502 3460 Historiarum
525 3395 722 3478 significetur
743 3395 824 3461 liber
846 3414 886 3460 an
909 3394 977 3458 eius
1000 3394 1116 3475 operis,
1146 3394 1229 3476 quod

153 3521 187 3562 ιι.
204 3491 267 3581 εὕρ.
291 3496 439 3579 Ephorus
461 3498 656 3580 composuit3
679 3496 718 3564 cf.
744 3496 976 3564 Eichholtzium
998 3517 1029 3577 p.
1047 3498 1097 3562 31.
1130 3499 1229 3563 Hero·
1310 3563 1313 3569 ,

153 3599 218 3664 doti
241 3599 330 3666 locus
353 3608 402 3664 est
426 3600 452 3663 V
475 3601 530 3666 58.

158 3739 240 3746 ᾖ...
245 3741 358 3746 ———

204 3825 268 3970 3313)
293 3827 336 3883 Of.
360 3827 664 3886 Hoerschelmannum
680 3823 751 3888 Act.
767 3843 827 3887 soc.
846 3823 957 3905 philol.
973 3823 1063 3906 Lips.
1087 3828 1130 3888 IV
1148 3825 1228 3886 1875

153 3932 180 3986 n·
282 3930 346 3990 ann·
