2814 4642
585 337 798 406 ..50-..

246 510 383 575 Transeo
398 510 440 574 ud
463 509 731 589 Gregorium,
752 507 842 574 cuius
864 513 985 590 quante
1000 507 1141 590 catologi
1165 526 1246 589 pars

161 611 253 677 odB
284 610 404 676 fontem
436 613 608 693 relegando
638 612 697 684 sit,
728 611 907 678 diiudicatu
936 609 1158 676 difficillimum
1181 617 1244 677 est.

159 715 277 779 Tamen
306 719 436 795 praeter
458 714 498 796 §§
520 715 540 778 9
572 721 606 778 et
629 714 756 779 13-19
786 713 855 780 siue
885 713 953 778 ulle
974 713 1189 778 haesitatione
1211 713 1241 778 ei

158 816 273 882 addico
294 816 313 898 §
337 818 353 880 1
379 814 432 898 (cf.
455 816 526 881 Tot.
547 816 566 898 ξ
588 817 619 893 8,
642 814 739 880 illem.
761 816 781 898 ξ
805 815 870 897 13),
900 835 995 898 quem
1027 816 1159 899 quidem
1182 833 1245 881 sue

160 919 304 986 admixta
328 918 474 984 doctrino
496 917 663 998 theologus
685 918 783 983 auxit.
827 917 939 1002 Neque
955 918 1019 984 ulle
1042 936 1139 983 cause
1155 918 1241 998 cogi·

161 1041 233 1087 mur
254 1021 294 1086 ub
319 1020 430 1086 eodem
452 1020 638 1102 corpusculo
671 1027 795 1086 ceteras
825 1020 1000 1103 particulos
1022 1021 1076 1104 (ἓξ
1098 1022 1184 1088 2-8
1207 1027 1246 1088 et.

162 1125 502 1206 10—12)segregare.
547 1121 635 1199 Quae
656 1122 684 1186 si
706 1123 811 1189 omnio
834 1141 954 1188 mecum
978 1121 1098 1189 iaciens
1121 1123 1148 1187 Β
1170 1142 1241 1189 cor·

161 1227 293 1310 pusculo
315 1225 518 1304 concesseris,
540 1224 704 1306 intelleges
734 1226 932 1306 scriptorem,
962 1245 1054 1309 quem
1086 1224 1241 1292 Totiuuus

161 1335 194 1396 ct
216 1329 361 1394 Clemens
383 1326 620 1409 consuluerunt,
636 1345 835 1410 nequequam
850 1327 950 1394 fuisse
964 1328 1123 1394 hominem
1139 1329 1244 1396 Grae·

161 1433 206 1500 cis
235 1431 409 1511 inimicum,
438 1432 496 1495 sed
526 1431 606 1495 istos
628 1431 735 1512 potius
765 1449 803 1495 ec
833 1436 958 1496 tantum
989 1431 1132 1515 elegisse,
1155 1451 1241 1513 quae

160 1534 291 1603 consilio
314 1552 421 1598 eorum
444 1533 642 1598 inseruirent

246 1636 307 1702 His
336 1635 512 1702 rationibus
542 1636 708 1702 subductis
740 1635 934 1701 Clementem
963 1634 1067 1702 tribus
1099 1635 1244 1703 lontibus

159 1757 251 1805 usum
274 1757 345 1804 esse
367 1739 493 1803 elucere
508 1739 666 1816 existimo,
688 1757 726 1803 ex
744 1738 861 1821 quibus
877 1738 904 1802 Β
920 1740 1143 1820 corpusculum
1165 1743 1245 1804 unte

161 1861 277 1907 cunum
309 1860 340 1922 p.
363 1839 436 1906 Chr.
462 1839 524 1907 166
556 1841 766 1922 compositum
798 1875 841 1888 —
870 1859 943 1904 nam
974 1841 1033 1905 hoc
1063 1839 1131 1907 fere
1159 1860 1244 1908 cuno

161 1944 290 2010 Totieni
312 1941 415 2010 oratio
436 1944 557 2024 scriptu
580 1961 649 2008 esse
670 1944 799 2009 uidetur
832 1981 873 1989 —
907 1960 1006 2024 usque
1037 1945 1079 2009 od
1102 1942 1240 2010 ultorum

160 2047 279 2113 soeculi
310 2047 416 2128 quarti
448 2052 574 2126 partem
609 2046 748 2111 durauit.
793 2050 898 2127 Atque
930 2047 960 2111 A
991 2053 1024 2110 et
1055 2047 1082 2110 B
1112 2046 1244 2129 quidem

162 2149 325 2229 catalogos
347 2166 365 2213 e
386 2147 477 2213 libris
500 2141 734 2214 heurematicis‘
756 2149 935 2214 meneuisse
967 2167 1065 2229 supra
1088 2167 1118 2230 p.
1144 2149 1185 2214 16
1208 2156 1243 2213 et

161 2251 282 2333 nosqq.
306 2251 540 2316 demonstrasse
566 2250 644 2314 mihi
670 2250 796 2329 uideor;
820 2249 901 2316 deC
923 2251 1108 2332 corpusculo
1131 2255 1240 2316 cutem

162 2353 303 2419 dubitari
324 2357 441 2434 potest,
464 2352 539 2435 quia
560 2353 676 2433 omnia,
707 2371 789 2435 quae
819 2352 848 2416 ei
872 2352 1030 2432 dedimus,
1052 2354 1245 2419 heuremeto.

162 2458 203 2522 ed
226 2457 379 2522 musicum
402 2460 505 2520 artem
528 2474 623 2519 unum
646 2458 801 2536 spectent.

603 2695 805 2703 —

530 2899 653 2993 Caput
680 2905 873 2993 quartum.

247 3085 355 3150 Redeo
377 3103 460 3150 nunc
489 3085 531 3150 ud
562 3084 789 3150 Clementis
822 3084 1019 3151 Stromctum
1047 3085 1122 3151 libri
1145 3088 1242 3168 primi

162 3191 259 3268 caput
288 3187 382 3269 XVI,
417 3188 506 3252 cuius
536 3189 575 3251 de
606 3187 709 3252 ultore
732 3194 825 3270 parte
854 3192 891 3252 ut
921 3204 1053 3266 agemus
1083 3192 1243 3269 superest.

162 3289 254 3354 Hanc
276 3290 402 3373 quidem
433 3288 663 3355 Brusskernius
693 3296 725 3355 et
753 3289 971 3354 Eichholtuius
1001 3290 1126 3354 omuino
1148 3310 1242 3372 prce-

162 3392 320 3457 tericruut
363 3410 400 3457 ac
437 3392 629 3456 uetustiores
663 3410 787 3475 quoque
817 3393 956 3457 editores
988 3393 1242 3475 interpretesque

161 3495 246 3561 locos
269 3495 501 3562 heuremuticos
516 3501 739 3575 componentes
754 3494 853 3559 solam
876 3495 1014 3576 priorem
1038 3495 1153 3577 cepitis
1167 3514 1244 3576 per·

161 3603 227 3663 tem
250 3598 495 3664 ednotauerunt.
539 3597 771 3679 Disiunguntur
801 3596 883 3661 euim
914 3597 1026 3663 ambae
1048 3604 1157 3678 partes
1179 3615 1240 3662 nou

161 3702 257 3766 modo
281 3705 447 3765 auctorum
469 3699 583 3778 indice,
606 3701 646 3765 de
669 3718 730 3782 quo
753 3717 851 3780 supra
866 3699 1042 3780 disputem,
1064 3700 1120 3763 sed
1143 3699 1241 3764 etiem

161 3802 290 3884 copiose
320 3801 515 3884 digressione
555 3801 703 3881 quadam.
759 3802 882 3867 Deinde
913 3801 1077 3867 consilium
1109 3801 1243 3867 alterius

160 3905 264 3986 portis
287 3903 450 3970 diuersum
473 3911 523 3970 est
545 3922 565 3968 a
585 3904 701 3986 priore.
745 3903 890 3987 Namque
919 3903 1069 3985 quoniam
1090 3906 1199 3986 priore
1221 3923 1243 3968 u
