2782 4642
533 374 766 443 ..1OE-

113 550 181 609 tum
196 550 290 625 esset,
314 544 365 611 nel
385 545 554 628 peculiare,
577 566 639 629 quo
653 545 733 632 περὶ
755 541 943 632 εὑρημάτων
959 549 1188 630 disputaretur,

114 646 293 712 litterarum
332 666 432 728 genus
463 648 598 713 maxime
629 667 649 713 a
688 649 908 731 peripateticis
938 648 1099 717 excultum
1130 656 1187 714 est

115 747 214 815 (iuius
239 749 365 830 generis
396 767 495 830 usque
525 752 566 817 ad
598 756 771 817 extremam
802 750 1026 833 antiquitatem
1051 751 1189 835 uestigia

116 858 301 931 persecutus
331 870 409 917 snm.
458 850 520 917 Sed
551 854 689 918 medium
719 871 844 935 quoque
873 872 931 935 per
962 872 1075 920 aeuum
1108 852 1188 918 illud

114 954 253 1018 studium
277 972 336 1021 non
360 954 453 1035 plane
467 961 643 1021 emortuum
659 973 729 1022 esse
744 957 817 1020 inde
829 956 860 1036 ¹)
883 956 983 1038 uides,
1005 957 1091 1039 quod
1105 956 1189 1021 inter

114 1063 263 1136 excerpta
286 1055 496 1135 miscellanea,
518 1075 599 1140 quae
627 1057 658 1123 in
681 1058 842 1124 codicibus
865 1058 994 1125 chartac
1016 1058 1189 1140 explendae

114 1176 210 1224 causa
238 1158 449 1234 addebantur,
478 1177 538 1224 non
569 1177 642 1225 raro
671 1154 807 1247 εὑρετῶν
827 1160 948 1227 indices
977 1161 1189 1247 reperiuntur,

113 1260 282 1342 inquibus
304 1262 401 1327 etiam
424 1262 595 1328 recentium
618 1272 795 1344 temporum
817 1263 948 1329 inuenta
970 1264 1092 1330 ueteris
1115 1263 1189 1328 doc·

114 1363 217 1429 trinae
239 1363 381 1445 reliqniis
401 1364 548 1429 immixta
571 1371 654 1430 sunt.
698 1363 855 1431 Secuntur
869 1384 968 1447 opera
989 1365 1189 1431 heuremato·

114 1466 266 1548 graphica
288 1466 405 1531 saeculi
427 1467 503 1532 XVI
523 1472 557 1532 et
580 1473 707 1533 nostrae
729 1468 854 1548 aetatis,
876 1487 958 1552 quae
980 1485 1078 1550 supra
1099 1487 1130 1550 p.
1147 1467 1189 1534 13

114 1569 186 1635 adn.
213 1571 227 1631 l
252 1567 391 1634 breuiter
412 1567 599 1652 significaui.

199 1670 345 1735 lamuero
367 1672 554 1753 appendicis
585 1673 653 1738 loco
686 1673 848 1755 catalogos
876 1673 1042 1740 nonnullos
1065 1690 1190 1754 compo·

115 1776 239 1855 nam2),
268 1792 347 1856 quos
379 1773 713 1857 Byzantinorum
746 1777 924 1842 industriae
956 1775 1119 1855 debemus,
1153 1782 1190 1842 ut

115 1896 239 1956 munus,
268 1878 354 1960 qnod
382 1896 480 1959 supra
502 1896 533 1959 p.
555 1878 794 1944 teutonicum
825 1879 975 1958 indicaui,
1004 1878 1117 1945 saltem
1139 1878 1188 1943 in-

116 1980 235 2046 cohem.

203 2153 232 2231 1)
254 2155 367 2214 Eodem
389 2161 511 2232 spectat,
534 2157 612 2236 quod
635 2152 745 2235 Peplo,
777 2155 828 2235 qui
851 2155 971 2214 nomine
992 2155 1190 2234 Theophrasti

112 2239 255 2316 inscripto
291 2240 474 2316 temporibus
505 2242 738 2320 Byzantinorum
769 2243 935 2315 ferebatur,
971 2247 1090 2317 praeter
1118 2241 1191 2300 alias

112 2327 235 2384 tortasse
257 2344 305 2384 res
326 2327 498 2386 heuremata
520 2346 639 2407 quoque
670 2334 809 2403 congesta
837 2334 939 2398 erant3
963 2344 1031 2385 narn
1053 2327 1086 2386 in
1108 2327 1190 2402 frag·

111 2411 218 2470 mentis
239 2412 362 2482 dnobus,
386 2432 462 2491 quae
483 2414 579 2473 sdhuo
593 2413 656 2472 sola
669 2413 873 2485 innotuerunt,
895 2415 931 2471 de
946 2413 1077 2472 inuentis
1092 2432 1189 2471 sermo

113 2503 175 2556 est:
205 2497 240 2555 fr.
266 2500 281 2555 1
306 2498 363 2575 (ed.
386 2498 501 2558 Usener
522 2495 611 2562 Mace.
635 2495 737 2561 Rhea.
758 2498 849 2558 XXV
875 2498 956 2556 1870
979 2518 1008 2573 p.
1033 2503 1093 2557 605
1110 2499 1189 2577 sqq.)

112 2582 207 2641 Corax
227 2582 429 2658 Syracusanus
458 2585 620 2644 rhetorices
648 2586 788 2643 inuentor
816 2584 1005 2659 perhibetur3
1029 2584 1065 2642 ir.
1089 2589 1107 2640 2
1130 2583 1187 2659 (ed.

112 2667 211 2726 Miller
243 2663 375 2731 Noticcs
404 2673 435 2731 et
466 2669 601 2733 ectraits
634 2668 688 2732 dea
717 2687 802 2732 mco.
834 2666 872 2730 de
903 2666 936 2731 lo
966 2665 1035 2731 bibl.
1067 2665 1190 2731 action.

112 2752 222 2811 XXIX
245 2759 273 2811 2.
299 2757 379 2812 1880
401 2776 432 2831 p.
450 2759 519 2827 181,
541 2759 577 2815 cf.
601 2755 799 2834 Heylbutium
821 2751 910 2817 Mus.
926 2751 1029 2817 Rben.
1045 2752 1190 2812 XXXIX

116 2843 196 2896 1884
210 2858 239 2914 p.
257 2841 330 2914 158)
354 2840 390 2898 de
410 2840 577 2900 litterarum
592 2841 800 2900 incentoribus
815 2859 908 2916 pauca
924 2847 1090 2913 narmntur,
1112 2858 1189 2918 quae

111 2925 199 3000 plane
222 2930 391 3000 congruunt
411 2946 477 2985 cnm
499 2926 591 2987 schol.
614 2946 700 2987 anon.
717 2926 838 3001 Gregor.
861 2926 933 2984 Nea.
957 2924 1188 3001 ed.b1ign.uol.

110 3011 194 3087 Hp.
220 3013 327 3069 12360.

198 3097 230 3173 2)
253 3095 421 3155 Lobechius
434 3091 592 3178 Aqlaopb.
614 3117 644 3173 p.
663 3101 721 3156 168
738 3116 767 3156 n.
783 3096 816 3155 in
830 3096 961 3156 locorum
976 3095 1190 3157 heurematico-

112 3202 175 3240 rum
198 3200 322 3240 recensu
342 3181 477 3240 nominat
499 3183 587 3242 etiam
611 3183 841 3243 Grammaticum
862 3183 895 3240 in
918 3183 993 3241 Bibl.
1017 3182 1138 3242 Ooislin.
1161 3201 1191 3257 p.

114 3266 182 3326 597.
207 3266 455 3326 Montefalconius
476 3269 555 3327 enim
578 3268 728 3345 excerptis
750 3269 925 3348 quibusdam
947 3267 979 3326 in
995 3265 1081 3331 Bt'bl.
1102 3262 1190 3330 Odis-

112 3350 168 3415 litt.
190 3374 220 3429 p.
245 3356 305 3412 596
321 3374 365 3433 sq.
389 3352 476 3411 editis
503 3353 656 3429 inscripsit
685 3354 741 3426 „de
768 3354 876 3412 artium
907 3359 939 3411 et
967 3353 1190 3430 disciplinarum

112 3439 346 3499 inuentoribus“.
368 3438 480 3497 Tamen
501 3440 673 3499 heuremata
694 3459 754 3497 non
769 3440 958 3514 reperiuntur
972 3439 1029 3497 nisi
1045 3440 1119 3497 haec
1134 3439 1192 3496 tria

112 3523 197 3583 initio
219 3523 332 3599 posita:
354 3516 511 3599 „henepon
532 3517 585 3599 τὴν
607 3519 659 3596 μὲν
681 3517 887 3602 ἀριθμητικήν
911 3523 1060 3597 Φοίνικες,
1081 3516 1136 3598 τὴν
1157 3517 1191 3591 δὲ

113 3603 259 3686 μουσικὴν
283 3607 407 3691 Θρᾷκες,
435 3601 491 3683 τὴν
521 3604 553 3680 δὲ
585 3604 777 3687 ἀστρολογίαν
807 3607 972 3667 Χαλδαῖοι“
1001 3610 1103 3691 (plena
1124 3627 1191 3666 nar-‚

112 3695 196 3768 ratio,
219 3716 257 3755 ex
280 3686 338 3774 qua
359 3694 432 3754 haec
455 3696 627 3773 deprompta
648 3703 727 3768 sunt,
748 3695 857 3771 legitur
879 3694 1006 3754 Crameri
1028 3692 1094 3758 Art.
1109 3690 1190 3756 Par.

113 3781 155 3838 IV
179 3800 207 3856 p.
231 3785 312 3853 421),
336 3780 442 3840 deinde
464 3788 604 3840 secuntur
624 3799 762 3853 canones,
784 3781 835 3860 qui
851 3780 1005 3854 dicuntur,
1027 3786 1191 3856 poetarum,
1311 3853 1312 3856 Ἴ

114 3874 272 3939 oratorum,
309 3866 525 3939 historioorum,
563 3867 829 3942 grammaticorum,
866 3866 1055 3939 medicorum,
1093 3865 1190 3950 philo-

113 3953 282 4033 sophorum,
306 3951 435 4038 deniqne
457 3951 578 4018 nomina
600 3951 753 4018 duodecim
775 3952 926 4023 deorum,¹
973 4002 977 4011 .
