2782 4642
594 279 785 345 -g-

152 451 341 518 Christianis
366 452 528 534 catalogos
550 450 704 516 Tatiauus
726 451 886 532 Assyrius,
918 448 1061 514 Clemens
1092 447 1229 514 Alexan·

152 554 272 633 drinus,
295 553 469 634 Gregorius
491 553 720 634 Nazianzenus,
743 553 857 618 deiude
873 550 1029 616 Eusebius
1046 548 1229 615 Caesarien-

152 657 206 735 sis,
229 656 448 722 Theodoretus
471 656 628 738 (lyranus,
651 654 836 720 Theodorus
858 654 1061 718 Prodromua

237 759 378 834 Quorum
395 757 635 839 antiquissimus
652 758 865 822 Tatiauus
887 757 965 836 ipsis
981 754 1020 819 ab
1036 753 1231 819 heurematis

155 861 316 926 exordium
359 861 512 926 orationis
553 856 639 945 πρὸς
662 852 814 945 Ἕλληνας
856 858 1053 938 conscriptae
1085 854 1228 937 sumpsit.

151 964 258 1030 Verba
279 971 355 1029 suut
376 965 512 1042 haeo¹):

236 1064 319 1152 ,,Μὴ
330 1061 416 1130 ποίνυ
431 1064 620 1152 φιλέχθρως
630 1061 829 1130 θιατίθεσθε
846 1064 932 1148 πρός
947 1062 1022 1141 τοὺς
1036 1056 1230 1149 βαρβάρους,

156 1163 271 1254 ἄνδρες
292 1161 446 1253 Ἕλληνες,
477 1165 560 1253 μηδὲ
591 1163 776 1255 (μθονήσητε
808 1169 879 1244 τοῖς
908 1162 1031 1232 τούτων
1060 1160 1228 1248 δόγμασιν.

152 1273 251 1335 ποῖον
280 1267 341 1356 γὰρ
372 1266 571 1358 ἐπιτήδευμα
601 1263 677 1357 παρ’
710 1265 786 1354 ύμῖν
814 1268 871 1357 τὴν
901 1264 1057 1334 σύστασιν
1080 1260 1137 1332 oria
1159 1258 1227 1329 ἇπὸ

152 1367 328 1458 βαρβάρων
350 1368 527 1459 έιτήσατο;
552 1372 568 1439 1
596 1370 810 1458 Τελμησσέων
830 1371 890 1457 μέν
912 1370 973 1455 γὰρ
997 1367 1026 1437 οἳ
1049 1363 1229 1453 δοκιμώτα-

153 1497 205 1538 τοι
229 1473 286 1560 τὴν
317 1467 356 1539 δι’
390 1467 521 1558 ὀνείρων
553 1472 682 1559 ἐξεῦρον
704 1469 869 1562 μαντικήν,
899 1476 919 1539 2
948 1476 1059 1560 Κᾶρες
1089 1469 1145 1558 τὴν
1175 1467 1231 1534 διὰ

152 1578 216 1641 τῶν
237 1571 367 1662 όίστρων
390 1573 582 1662 πρόγνωσιν,
606 1579 626 1642 3
656 1574 722 1663 (τὴν
745 1574 799 1640 διὰ
821 1575 891 1664 τῆς)
914 1571 1064 1663 πεύσεως
1087 1567 1228 1660 ὀρνίθων

158 1674 281 1765 Φρύγες
309 1668 366 1743 καί
383 1671 536 1765 Ἰσαύρων
559 1677 589 1746 οἱ
620 1676 828 1760 παλαίτατοι,
858 1682 880 1744 4
909 1674 1058 1765 Κύπριοι
1085 1672 1230 1762 θαιιιιήν,

151 1774 409 1869 5ἀστρονσμεῖν
436 1777 659 1864 Βαβυλώνιοι,
692 1783 713 1847 6
743 1778 891 1865 μαγεύειν
922 1778 1070 1867 Πέρσαι,
1104 1781 1122 1844 'I
1153 1799 1230 1862 γεω-

153 1887 283 1968 μετρεῖν
305 1879 495 1966 Αἰγύπτιοι,
518 1885 537 1949 8
559 1883 616 1971 τὴν
638 1883 694 1949 διὰ
715 1880 916 1971 γραμμάτων
938 1878 1091 1948 παιδείαν
1121 1876 1231 1946 Φοίνι-

147 1988 220 2062 κες.
252 1977 333 2050 ὅθεν
355 1981 534 2051 παύσασθε
558 1985 618 2064 τοὶς
639 1983 793 2074 μιμήσεις
815 1983 957 2072 εὑρέσεις
980 1978 1230 2058 ἀποκαλοῦντες.

153 2088 173 2152 9
206 2082 338 2170 ποίησιν
366 2085 426 2171 μὲν
455 2087 516 2174 γὰρ
546 2081 660 2153 ἆσιεῖν
689 2086 744 2154 καί
776 2083 866 2177 ᾄδειν
894 2082 1030 2176 Ὀρφεύς
1055 2083 1139 2172 ύμᾶς
1163 2082 1231 2152 έόί·

154 2189 260 2270 όαξεν,
292 2190 333 2254 10
354 2183 372 2253 ὁ
396 2187 433 2253 δέ
454 2182 551 2267 αὐτὸς
572 2189 629 2254 καί
650 2193 830 2275 μυεῖσθαι·
857 2194 893 2256 11
923 2189 1104 2256 Τουσκανοὶ
1127 2183 1231 2254 πλοίτ-

152 2314 228 2371 τειν,
277 2292 316 2358 12
348 2286 496 2378 ἱστορίας
534 2288 721 2358 συντάττειν
754 2289 787 2357 αἱ
822 2287 898 2379 παρ’
931 2289 1135 2377 Αἰγυπτίοις
1168 2293 1232 2356 τῶν

151 2388 275 2479 χρόνων
298 2385 493 2480 ἀναγραφαί,
518 2397 557 2462 13
580 2391 741 2481 Μαρσύου
757 2395 793 2462 δὲ
808 2395 865 2462 καί
875 2389 1041 2481 Ὀλύμπου
1063 2393 1118 2484 τὴν
1134 2386 1229 2478 αὔλη-

153 2492 244 2582 τικὴν
278 2487 527 2582 όπηνέγκασθε·
564 2493 686 2585 Φρύγες
712 2498 749 2564 δὲ
774 2492 982 2585 ἀμφότεροι·
1018 2501 1058 2566 14
1089 2495 1145 2586 τὴν
1176 2494 1231 2560 διαὶ

153 2594 302 2683 σύριγγος
338 2594 496 2684 ἁρμονίαν
534 2596 682 2685 έγροικσι
711 2597 953 2690 συνεστήσαντο.
1002 2601 1042 2666 15
1076 2595 1232 2687 Τυρρηνοὶ

154 2696 338 2784 σόλπιγγα,
373 2702 413 2766 16
450 2698 616 2782 χαλκεύειν
645 2699 847 2785 Κύκλωπες,
889 2707 927 2773 17
957 2703 1014 2769 καὶ
1053 2698 1233 2778 ἐπιστολὰς

155 2800 346 2869 συντόσσειν
368 2799 387 2890 η
410 2806 549 2890 Περσῶν
575 2829 658 2870 ποτε
680 2802 861 2893 ἡγησαμένη
892 2804 985 2896 γυνή,
1019 2800 1112 2871 καθοί
1134 2824 1233 2891 φησιν

150 2901 345 2983 Ἑλλάνικος·
368 2901 522 2972 ’Ἀτοσσα
537 2906 575 2972 δέ
589 2903 693 2993 όνομα
708 2903 795 2996 αὕτη.
818 2906 1038 2993 καταβάλλετε
1060 2905 1233 2996 τοιγαροῖν

159 3010 273 3074 τοῦτον
294 3007 351 3073 τὸν
373 3010 475 3094 timor
497 3010 585 3076 κτλ.“

241 3110 427 3193 catalogum
459 3120 546 3178 certo
576 3113 706 3180 oonsilio
729 3113 860 3180 Graecis
882 3113 997 3180 infesto
1020 3113 1232 3194 compositum

156 3335 353 3395 enchiridium
377 3338 523 3416 quoddam
553 3339 589 3397 do
611 3338 658 3397 his
688 3340 800 3399 artibus
823 3339 1016 3415 compositum
1040 3337 1232 3410 consuluerit,

154 3421 328 3497 praesertim
361 3442 426 3480 oum
455 3423 487 3480 in
510 3425 613 3482 eodem
636 3442 753 3483 conexu
781 3424 929 3500 eopiosius
961 3426 996 3483 do
1024 3423 1234 3483 uetustissimis

154 3505 318 3565 artificibus
341 3507 475 3566 disserat.
519 3509 562 3567 cf.
586 3509 773 3570 Foerstorum
803 3506 1104 3574 veteradomus
1126 3505 1232 3572 Hera·

155 3589 263 3654 bilder:
308 3593 392 3667 Prgr.
427 3594 546 3654 Vratisl.
582 3599 662 3653 1868
694 3601 725 3655 et
758 3595 978 3654 Kalkmauuum
1010 3593 1098 3658 Mus.
1130 3591 1232 3657 Rheso.

155 3677 247 3735 XLII
273 3679 362 3737 1887.
384 3699 414 3754 p.
437 3683 498 3738 522
515 3698 558 3758 oq.

247 3761 274 3838 l)
299 3763 373 3822 Usus
404 3786 468 3823 sum
492 3764 671 3825 editionibus
694 3765 817 3826 Ioannis
839 3765 869 3824 0.
893 3766 948 3826 Th.
971 3767 1044 3826 Otto
1068 3764 1178 3845 (1851)
1201 3772 1232 3825 ot

157 3848 285 3907 Eduardi
308 3849 458 3910 Schwartz
481 3850 600 3929 (1888).
