2782 4642
527 334 740 403 „73-

97 527 175 592 quae
197 515 358 590 narratur,
383 547 417 556 -
443 515 480 575 ut
502 511 594 576 modo
617 510 681 575 dixi
704 546 744 556 -
768 509 901 590 offendo,
931 509 987 574 sed
1017 508 1113 574 etiam
1136 507 1167 575 in

96 631 140 694 eo,
163 611 258 695 quod,
282 631 352 678 cum
375 619 510 694 utroque
532 613 651 696 Hygini
673 613 741 678 loco
757 613 938 679 Phoroneus
960 631 1022 677 uno
1044 614 1169 678 eodem·

96 732 155 795 que
177 716 328 796 praemio,
358 715 427 781 dico
467 716 550 796 regis
581 717 751 797 dignitate,
781 717 948 781 decoretur
979 720 1076 797 atque
1098 733 1169 778 cum

97 823 229 897 utroque
259 817 326 882 loco
357 836 483 883 causam
514 819 647 900 praemii
675 817 774 884 fuisse
804 817 989 883 beneficium
1020 817 1104 897 quod
1138 817 1169 880 in

97 919 243 986 lunonem
274 920 328 985 ille
353 920 545 1003 contulerit,
576 922 697 1003 apertis
728 921 834 987 uerbis
864 920 940 1001 (fab.
965 919 1026 985 143
1054 919 1113 1001 „ob
1136 919 1169 983 id

98 1021 311 1104 beneficium“‚
334 1023 397 1089 fab.
421 1024 485 1088 274
507 1026 565 1104 „ob
589 1043 658 1089 eam
682 1026 845 1107 causam“)
869 1023 1035 1100 indicetur,
1065 1030 1169 1087 tamen

98 1126 134 1191 de
156 1122 307 1192 beneficio
329 1127 398 1207 ipso
422 1127 575 1192 namatur.
620 1127 726 1209 Atque
757 1146 795 1192 ea
825 1127 964 1209 quidem,
994 1143 1076 1208 quae
1106 1123 1169 1188 fab.

102 1229 159 1294 143
182 1227 376 1307 referuntur,
405 1231 519 1311 probat
542 1231 687 1295 Lactant.
718 1231 758 1293 ad
792 1230 873 1295 Stat.
905 1228 1002 1294 Theb.
1025 1227 1070 1291 IV
1092 1225 1171 1304 5893

100 1330 296 1396 Phoroneum
326 1338 433 1396 autem
464 1334 601 1414 primum
623 1332 753 1396 Iunonis
784 1331 904 1396 cultum
927 1330 1102 1395 instituisse
1124 1336 1172 1393 te·

101 1440 227 1498 stantur
260 1433 356 1499 etiam
381 1433 477 1500 Glem.
501 1435 589 1501 Alex.
612 1440 711 1517 protr.
735 1435 865 1514 111443
899 1434 982 1514 Hyg.
1004 1431 1068 1499 fab.
1090 1430 1171 1510 225;

98 1534 458 1602 Lactant.l.l.1252.
482 1536 563 1618 542;
587 1537 648 1601 XII
673 1537 747 1603 465.
791 1538 903 1619 ltaque
934 1554 994 1600 non
1025 1533 1172 1599 dubit-aui

98 1636 289 1704 lenissimam
306 1637 457 1704 Schefferi
479 1640 731 1704 emendationem
755 1639 904 1720 recipere,
926 1638 1011 1704 uude
1027 1636 1173 1714 efficitur,

98 1751 132 1806 ut
157 1741 317 1805 exstitisse
331 1741 395 1805 iam
410 1742 557 1808 mendum
573 1750 752 1807 statuamus
774 1742 842 1806 siue
861 1739 1051 1806 Cassiodorii
1067 1744 1173 1805 aetate

95 1843 130 1907 in
153 1843 261 1910 codice
283 1843 459 1926 enchiridii,
488 1846 571 1924 quod
594 1843 712 1926 Hygini
742 1844 867 1909 nomine
889 1842 1041 1921 inscripto
1062 1840 1174 1919 fertur,

93 1949 165 2012 siue
187 1955 282 2011 autea
303 1947 334 2011 in
359 1945 454 2027 fonte,
484 1966 521 2011 ex
552 1966 614 2028 quo
644 1954 677 2010 et
698 1947 870 2028 Hyginiani
902 1945 1040 2026 catalogi
1063 1950 1173 2010 auctor

90 2058 129 2113 et
153 2048 372 2114 Cassiodorius
393 2048 579 2115 hauserunt.

184 2151 231 2215 De
254 2152 375 2218 ratione
397 2158 503 2217 autem
526 2147 704 2238 enipr'parog
726 2172 787 2218 non
810 2151 1009 2232 ambigimus,
1032 2151 1173 2232 quando·

91 2254 228 2338 quidem
263 2255 391 2319 Iunonis
427 2255 457 2318 iu
482 2255 633 2337 Argolide
666 2256 770 2320 cultus
803 2254 980 2335 antiquitus
1012 2254 1116 2335 uiguit
1145 2259 1177 2316 et

87 2354 282 2422 Phoroneus
304 2356 544 2437 antiquissimus
575 2358 618 2422 ibi
648 2357 808 2422 hominum
837 2355 953 2422 fabulis
975 2355 1173 2438 perhibetur.

88 2459 160 2539 Qui
182 2465 349 2542 praeterea
371 2461 490 2525 Iunone
511 2469 544 2526 et
558 2460 706 2542 Neptuno
728 2461 767 2526 de
783 2458 996 2523 dominatione
1012 2456 1174 2538 Argolidis

90 2563 296 2629 certantibus
317 2562 436 2628 arbiter
466 2563 554 2629 litem
579 2564 705 2628 dedisse
734 2563 907 2628 secundum
930 2561 1079 2625 Iunonem
1103 2578 1175 2623 uar-

92 2665 663 2747 mmwmfflmssfflb—

185 2770 203 2851 ξ
229 2767 268 2834 15
299 2768 436 2848 „Chiron
467 2768 644 2835 Centaurus
673 2767 802 2833 Saturni
830 2764 915 2830 filius
947 2771 1049 2829 artem
1073 2762 1173 2827 medi·

94 2873 201 2937 cinam
224 2870 434 2951 chirurgicam
457 2891 495 2936 ex
510 2872 617 2937 herbis
632 2871 753 2952 primus
775 2869 945 2934 instituit.“
969 2868 1071 2932 Test.:
1095 2866 1175 2940 Prin,

98 2996 130 3040 n.
153 2976 183 3040 h.
216 2975 278 3039 VlI
312 2975 390 3053 196;
423 2974 505 3040 Plut.
536 2980 656 3056 quaest
690 2992 779 3038 conu.
810 2972 858 3037 lII
892 2973 921 3051 1,
944 2970 974 3051 3,
997 2972 1034 3050 23
1066 2968 1175 3033 Galen.

99 3077 216 3142 introd.
241 3079 257 3141 1
283 3077 373 3159 (XIV
395 3096 426 3159 p.
449 3078 512 3143 674
535 3079 583 3143 ed.
607 3076 762 3160 Kuehn.);
787 3075 873 3140 Suid.
898 3092 922 3138 s.
947 3069 1085 3156 Χείρων.
1128 3070 1177 3134 De

103 3179 237 3246 Chirone
260 3180 382 3244 medico
412 3188 445 3244 et
476 3181 515 3245 de
545 3179 715 3244 herbarum
748 3180 789 3242 ad
820 3178 1008 3240 medendum
1033 3192 1089 3237 usu
1113 3173 1177 3237 dis-

103 3282 202 3347 seruit
227 3282 368 3348 Welcker
390 3281 447 3347 Kl.
471 3281 600 3363 Sebritt.
624 3281 672 3345 111
694 3300 724 3361 p.
751 3284 850 3361 lsqq.
874 3280 913 3343 27
930 3297 998 3360 sqq.
1021 3313 1061 3321 -

186 3386 205 3468 ξ
242 3385 282 3449 16
318 3385 451 3467 „Apollo
484 3393 590 3449 autem
624 3384 795 3449 oculariam
833 3381 1020 3446 medicinam
1056 3377 1177 3459 primus

102 3486 207 3554 fecit.“
229 3488 376 3570 ,‚autem“
399 3506 456 3570 pro
478 3489 623 3568 „artem“
645 3485 777 3550 coniecit
792 3483 1004 3560 Schmidtius;
1027 3479 1177 3560 utsupra

103 3611 132 3672 p.
157 3590 207 3658 69.
244 3590 330 3655 Test.
360 3590 438 3654 mihi
465 3591 597 3667 desunt,
626 3590 682 3653 sed
711 3585 749 3653 cf.
781 3584 979 3650 Welckerum
1007 3584 1026 3649 l.
1055 3584 1075 3647 l.
1103 3602 1135 3663 p.
1158 3582 1177 3646 8

106 3714 132 3760 n.
155 3696 205 3761 20.
230 3731 271 3738 —

189 3799 208 3880 ξ
238 3797 277 3861 17
312 3797 429 3877 „tertio
464 3804 570 3860 autem
605 3795 673 3859 loco
707 3791 875 3880 Asclepius
907 3788 1061 3872 Apollinis
1093 3786 1177 3852 filius

107 3900 234 3965 clinicen
259 3900 431 3981 repperit“.
466 3898 690 3980 Aesculapium
721 3895 910 3961 medicinam
942 3893 994 3957 uel
1021 3891 1177 3957 inuenisse
