2782 4642
563 391 775 458 „59-

132 579 217 636 οεως
238 554 457 645 ἐφαψάμενος
486 555 543 624 καὶ
573 554 591 625 ὃ
613 555 753 646 Κλήμης
774 555 959 626 ἐπάκουσον
981 556 1003 626 ἅ
1027 564 1149 647 φησιν“
1169 564 1213 627 ad

134 660 331 744 propositum
363 680 511 728 reuersus
542 662 639 729 Olem.
663 664 702 746 ξς
726 649 767 728 14
780 664 810 745 ¹)
831 669 863 730 et
888 664 929 731 15
954 664 1115 744 exhibuit,
1144 671 1213 729 tum

130 764 171 830 ab
194 764 287 829 initio
309 763 407 831 Olem.
430 764 568 848 catalogi
590 765 762 847 repetitam
777 766 796 848 5
812 767 828 830 1
846 767 992 848 protulit,
1016 767 1090 832 huic
1105 771 1213 832 autem

132 870 264 949 propter
298 866 479 949 argumenti
516 867 756 933 similitudinem
793 867 846 949 (cl.
874 887 973 950 supra
1004 889 1035 952 p.
1060 868 1114 953 18)
1152 886 1214 934 non

129 966 239 1051 inepte
261 969 413 1035 adnexuit
434 970 453 1052 ξ
476 969 497 1033 6
518 988 583 1034 una
604 987 675 1034 cnm
698 969 737 1052 ἓξ
760 971 877 1036 7-12.
922 971 1043 1050 Quibus
1072 972 1214 1054 particu-

134 1067 171 1135 lis
204 1071 375 1153 descriptis
404 1071 616 1154 adductisque
647 1071 703 1152 eis,
735 1090 817 1154 quae
850 1072 937 1138 solae
959 1074 1142 1140 restabant:
1174 1074 1213 1157 ξς

129 1170 227 1254 2-5,
249 1177 356 1239 cetera
387 1173 494 1239 omnia
522 1174 598 1239 inde
620 1192 640 1239 a
661 1174 680 1257 ξ
704 1175 745 1238 16
767 1174 851 1240 insto
880 1175 992 1240 ordine
1022 1174 1054 1240 in
1085 1176 1214 1243 chartas

134 1291 208 1342 snas
230 1276 406 1342 transtulit.

217 1376 437 1444 Eichlroltzius
453 1378 496 1460 (p.
507 1378 608 1462 4-8)
625 1398 695 1445 cum
712 1380 952 1462 compilatorum
968 1381 1214 1446 consuetudines

128 1478 321 1562 ignorasset,
351 1481 523 1547 desudauit
551 1481 583 1547 in
605 1500 644 1546 ea
667 1501 711 1564 re,
733 1488 771 1546 nt
793 1481 1000 1563 clementino,
1030 1501 1089 1547 non
1114 1482 1214 1549 Euss-

132 1580 230 1650 biano
251 1590 343 1649 textu
357 1583 529 1666 genuinum
545 1584 683 1666 catalogi
697 1584 838 1650 ordinem
854 1583 941 1649 tradi
956 1587 1211 1652 demonstraret:

123 1683 260 1768 ipsese
289 1704 417 1767 operam
448 1692 482 1751 et
502 1685 607 1751 oleum
635 1685 817 1769 perdidisse
838 1685 1056 1768 intellexisset,
1079 1688 1106 1751 si
1130 1706 1157 1752 e.
1182 1707 1213 1770 g.

123 1787 267 1853 Diodori
290 1787 351 1854 Sic.
374 1787 460 1854 locos
481 1787 521 1854 ab
538 1786 676 1853 Eusebio
692 1793 855 1870 excerptos
878 1806 948 1853 cum
963 1788 1065 1870 ipsius
1081 1788 1214 1853 Diodori

125 1890 316 1956 narratione
346 1890 542 1957 contulisset.
596 1890 844 1957 Accnratissime
872 1897 978 1956 autem
1010 1892 1051 1957 de
1079 1891 1214 1970 ratione,

121 2012 231 2077 quam
240 1992 398 2059 Eusebius
412 1999 540 2059 secutus
555 1993 598 2059 sit
613 1993 645 2057 in
661 1993 869 2075 compilandis
884 1992 1214 2076 transscribendisque

123 2094 297 2280 {grugibupk
308 2096 577 2162 Frendenthalius
600 2096 782 2178 disputarit
803 2097 972 2163 Helleaist.
988 2095 1081 2163 Stoa.
1097 2097 1114 2162 I
1131 2095 1215 2163 1875

642 2388 712 2470 §a

219 2504 342 2572 Deinde
357 2505 589 2573 clementinum
604 2508 785 2589 catalogum
801 2508 1007 2588 depeculatus
1023 2512 1072 2572 est
1086 2507 1213 2572 saeculo

122 2600 162 2672 V
183 2608 309 2690 circiter
342 2611 446 2676 medio
475 2610 771 2676 Theodoretus
804 2609 969 2692 episcopus
992 2608 1213 2691 cyrensis.

124 2708 197 2787 ‘our
225 2714 466 2800 θεραπευτικῆς
496 2712 570 2778 libri
600 2712 690 2778 initio
720 2713 836 2779 iterum
868 2713 996 2778 easdem
1027 2710 1103 2793 fere,
1134 2730 1214 2794 quas

124 2811 289 2880 'datianus
310 2812 456 2882 Clemens
471 2815 636 2891 Eusebius,
659 2815 834 2881 sententias
848 2820 1035 2898 persecutus
1049 2813 1081 2878 in
1098 2814 1212 2879 heure·

134 2921 223 2981 mata
244 2919 422 2984 enarranda
443 2918 564 2984 incidit.

220 3017 368 3087 Graecar.
383 3020 483 3086 affect.
499 3040 564 3088 cur.
579 3022 596 3086 I
613 3023 653 3087 19
668 3040 699 3102 p.
715 3021 745 3099 6,
763 3020 806 3086 50
820 3039 887 3102 sqq.
905 3018 927 3085 S
942 3019 1006 3102 (ed.
1023 3017 1214 3100 Gaisford.):

225 3246 253 3320 l)
275 3245 383 3325 Itaque
412 3246 601 3305 Eiohholtuio
632 3263 670 3303 ns
701 3246 732 3303 iu
756 3241 788 3301 δέ
809 3245 955 3321 particula
977 3243 1096 3323 quidem
1126 3242 1214 3303 initio

134 3329 346 3408 disputationis
373 3332 471 3407 posita
492 3326 701 3390 offendendum
725 3349 756 3388 er
775 3336 788 3389 t
810 3328 851 3407 (p.
877 3331 923 3410 8);
947 3330 983 3388 de
1006 3329 1112 3388 ceteris
1145 3348 1214 3388 con·

135 3413 347 3490 lunationibus,
378 3437 453 3496 quae
476 3417 503 3476 ei
526 3418 568 3494 (p.
593 3417 625 3493 b)
654 3415 824 3492 scrupulum
848 3422 1013 3487 mouerunt,
1044 3433 1134 3491 supra
1167 3412 1215 3488 egi

132 3502 172 3559 ad
194 3502 285 3562 Olem.
309 3500 326 3582 ς
360 3507 408 3561 23.
455 3505 501 3562 Ab
533 3503 626 3562 altera
656 3507 755 3561 autem
784 3506 868 3577 parte
903 3506 1005 3560 contra
1033 3498 1215 3559 Eichholtnii

136 3588 312 3647 sententiam
342 3589 400 3647 lroo
429 3607 550 3647 moneo:
583 3587 743 3647 Clementis
778 3587 911 3645 ordinem
942 3587 979 3645 ab
1003 3584 1131 3643 Eusebio
1153 3603 1215 3642 non

137 3670 229 3733 inscio
252 3680 462 3734 commutatum
492 3693 555 3732 esse
584 3692 620 3731 ea
648 3691 681 3730 re
704 3672 861 3747 euincitur,
891 3673 969 3750 quod
992 3671 1042 3730 hic
1063 3689 1116 3746 pro
1139 3669 1214 3747 γοῦν

136 3758 289 3833 particula,
320 3779 378 3839 qua
407 3760 458 3818 ille
480 3759 646 3833 catalogum
669 3778 753 3816 suum
777 3757 928 3833 aptissime
949 3755 1128 3827 instituerat,
1150 3756 1215 3830 ipse

136 3843 301 3904 rectissime
328 3847 485 3922 supposuit
514 3840 564 3902 aci
589 3876 629 3887 -
653 3838 694 3916 ol,
724 3843 863 3922 quoniam
893 3841 1022 3919 primum
1053 3839 1215 3901 Clementis

135 3921 197 4008 εὕρ.
220 3930 344 3990 deloco
367 3936 518 3990 mouerat:
541 3950 569 4006 p.
595 3934 665 4002 548,
689 3932 727 3987 21
752 3928 841 3986 Dind.
