2782 4642
626 314 839 380 -40-

279 483 297 564 ξ
319 481 361 572 35
376 501 422 565 sq.
452 479 654 570 ,,<τρίχορόον
676 481 712 547 δὲ
733 477 856 566 ὁμοίως
877 481 932 547 καί
954 480 1010 568 τὴν
1032 478 1183 549 διάτονον
1206 478 1269 570 dro-

188 579 441 670 ιμονίιινἎγνιν
463 581 519 648 τόν
540 584 598 649 καὶ
620 577 717 649 αὐτόν
737 580 887 670 Φρύγα>“.
920 584 1037 650 Totum
1061 585 1273 667 enuntiatum,

196 687 280 769 quod
302 687 453 753 librarius
468 687 642 754 Clementis
657 688 910 754 homoeoteleuto
924 688 1072 753 inductus
1094 689 1212 769 omisit,
1234 707 1271 754 ex

195 789 336 855 Eusebio
357 789 548 873 'suppletum
581 795 639 855 est.
673 784 791 872 ’Ἀγνις
825 790 958 855 nominis
991 788 1143 872 formam,
1176 809 1274 872 quam

197 890 339 974 Scaliger
371 893 402 956 in
424 884 554 981 Ὕαγνις
583 893 799 972 commutauit,
833 892 1031 957 retinendam
1061 911 1132 958 esse
1163 892 1272 958 admo·

196 995 268 1059 nuit
291 994 541 1060 Studemundius
562 994 651 1059 Aoo.
682 996 756 1059 inst.
788 995 873 1060 ονιίι.
900 994 1007 1059 Germ
1028 995 1058 1060 V
1082 995 1165 1059 1890
1186 1014 1217 1076 p.
1243 996 1272 1060 3.

198 1096 350 1161 —Unus
373 1104 406 1161 et
428 1096 522 1163 huius
544 1097 606 1163 loci
628 1098 724 1162 testis
746 1101 797 1161 est
827 1097 1019 1178 Anonymus,
1052 1098 1141 1162 euius
1173 1099 1277 1164 uerba

197 1198 290 1263 modo
314 1199 525 1280 transscripsi,
556 1199 604 1264 ita
636 1207 754 1279 tamen,
783 1205 819 1263 ut
851 1218 911 1264 non
941 1199 1042 1265 solum
1057 1193 1188 1282 Ὕαγνις
1210 1198 1273 1264 lor-

197 1319 295 1379 mam,
318 1302 375 1366 sed
397 1301 494 1366 etiam
517 1321 575 1382 pro
599 1301 803 1367 clementinis
825 1299 902 1388 ,μὴν
924 1297 1074 1365 διάτονον
1095 1297 1279 1389 ἁρμονίαν“

198 1403 348 1469 exhibeat
371 1401 448 1491 ,μὴν
471 1400 695 1490 ἐναρμονίον“.
739 1405 775 1468 ln
806 1405 866 1471 hac
895 1411 1001 1470 autem
1031 1407 1191 1487 scriptura
1212 1425 1275 1471 non

198 1505 310 1570 dubito
340 1506 415 1588 quin
450 1508 597 1571 mendum
628 1506 738 1572 lateat.
782 1506 922 1572 Primum
954 1508 1037 1572 enim
1060 1502 1079 1594 ἡ
1100 1504 1281 1594 ἐναρμονία

198 1608 435 1674 substantiuum
467 1627 620 1690 nusquam
651 1608 781 1690 legitur3
816 1610 930 1674 deinde
959 1627 1030 1673 cum
1063 1607 1101 1674 τὸ
1123 1605 1277 1697 διάτονον

200 1718 233 1776 et
266 1707 304 1775 cd
337 1706 527 1797 ἐναρμόνιον
559 1713 642 1778 inter
679 1732 714 1778 se
746 1712 896 1777 differunt
929 1748 968 1759 —
1002 1730 1076 1776 nam
1107 1713 1172 1777 tria
1202 1720 1277 1778 sunt

200 1813 450 1878 modulationum
466 1834 601 1896 genera:
625 1815 829 1894 diatonicum,
853 1814 1092 1896 chromaticum,
1108 1815 1277 1879 enharmo-

200 1917 286 1982 nium
300 1916 330 2000 1)
354 1954 405 1998 -,
429 1924 598 1998 utrumque
619 1936 719 1997 genus
741 1919 781 1982 ad
805 1920 938 1983 eundem
969 1917 1167 1987 inuentorem
1194 1917 1277 1981 rela-
1365 1989 1367 1993 ‚

200 2024 269 2083 tum
291 2037 362 2084 esse
385 2020 439 2084 uix
453 2020 652 2099 crediderim,
675 2021 821 2101 quamuis
836 2021 982 2084 diuersae
998 2037 1093 2100 saepe
1107 2019 1282 2089 heurema·

201 2120 336 2185 ticorum
368 2122 545 2187 sententiae
574 2122 656 2188 inter
685 2141 719 2187 se
747 2121 917 2205 fuerinti).
963 2121 1081 2186 Tamen
1105 2121 1276 2202 quominus

202 2219 394 2287 Clementem
425 2228 459 2288 et
488 2225 685 2308 Anonymum
709 2224 895 2303 corrigendo
917 2225 1088 2288 concordes
1109 2221 1275 2302 indemne,

202 2323 339 2406 impedit
362 2327 459 2390 etiam
482 2327 554 2407 alia,
577 2345 659 2408 quae
674 2326 807 2404 accedit,
830 2326 991 2417 dissensio.
1031 2326 1201 2391 Praeterea
1215 2344 1284 2408 quo

203 2428 295 2491 modo
318 2428 500 2509 corruptela
521 2429 608 2510 apud
639 2431 735 2494 elnon.
768 2430 912 2495 sananda
934 2429 987 2507 sit,
1016 2428 1194 2494 diiudicare
1217 2447 1280 2493 non

203 2529 347 2610 audeam,
380 2532 527 2613 quoniam
552 2550 590 2596 ex
619 2528 675 2618 τὴν
697 2527 890 2618 ἒναρμονίαν
919 2530 1045 2598 facilius
1076 2531 1206 2595 uidetur
1229 2549 1284 2595 re·

204 2631 338 2698 stituere
360 2630 397 2699 τό
422 2629 612 2718 ἐναρμόνιον
634 2652 726 2714 quam
751 2631 808 2720 τὴν
830 2629 981 2698 διάτονον
1003 2628 1171 2719 ἁρμονίαν.
1195 2670 1236 2680 -

293 2736 374 2818 §37
403 2731 591 2818 „spodpuw
624 2734 661 2800 da*
684 2729 857 2818 Ὄλυμπον
888 2729 1012 2819 ὁμοίως
1041 2732 1099 2801 τὸν
1137 2728 1278 2822 derisos

204 2838 289 2904 Plut.
313 2839 354 2902 de
384 2857 463 2902 mus.
495 2838 533 2902 5:
563 2830 800 2920 ,Ἀλέξανδρος
830 2831 864 2901 d'
897 2835 930 2901 ἐν
952 2840 991 2924 τῇ
1019 2837 1181 2925 σοναγοιγξ
1213 2838 1286 2904 τῶν

204 2940 284 3024 περὶ
311 2936 454 3028 Φρυγίας
482 2935 649 3026 κρούματα
669 2934 841 3025 Ὄλυμπον
872 2935 934 3026 ἔφη
963 2939 1098 3027 πριῖιον
1128 2936 1175 3017 είς
1203 2937 1285 3018 code

204 3040 350 3130 Έλληνας
372 3038 538 3126 κομίσαιίί,
563 3062 602 3107 ex
624 3045 829 3125 inscriptione
845 3045 944 3125 igitur
957 3043 1031 3108 libri
1049 3044 1191 3109 conicere
1204 3041 1282 3109 licet

206 3147 246 3214 ab
269 3147 449 3212 Alexandro
473 3145 641 3227 Olympum
664 3146 857 3228 perhibitum
880 3165 949 3212 esse
971 3145 1139 3228 Phrygem.
1156 3145 1283 3229 Mysum

206 3266 283 3316 uero
307 3250 441 3314 eundem
457 3247 622 3330 appellant
643 3250 773 3314 inuento
795 3249 921 3331 quidem
945 3247 1130 3314 confirmato
1153 3247 1241 3317 Suid.
1257 3266 1287 3312 s..

204 3345 359 3434 ’'Oioprr,
400 3350 503 3417 Schol.
527 3350 608 3416 Plat.
639 3370 669 3432 p.
693 3351 766 3434 925,
798 3353 839 3419 22
869 3351 982 3432 Turio,
1011 3351 1152 3433 itemque
1182 3353 1287 3418 Anon,

209 3456 346 3522 Cramer.
372 3454 404 3536 (ᾖ
430 3454 494 3534 18).
540 3454 654 3533 laque
683 3451 787 3520 iacere
818 3474 878 3519 non
906 3472 1082 3536 possumus,
1114 3452 1189 3533 quin
1212 3450 1289 3516 Cle·

294 3696 323 3773 1)
346 3696 390 3754 cf.
408 3696 537 3754 ldaorob.
555 3714 647 3753 somn.
670 3695 748 3773 Seip.
771 3696 856 3769 114,
885 3700 935 3769 13;
959 3694 1075 3755 Vitruu.
1101 3695 1126 3752 V
1151 3701 1177 3767 4,
1202 3700 1230 3752 3.

294 3786 325 3859 2)
348 3781 478 3840 Aristox.
502 3799 549 3856 ap.
572 3779 651 3839 Plut.
675 3781 710 3839 da
733 3801 806 3840 mus.
832 3785 880 3854 ll,
906 3783 919 3838 l
946 3773 979 3839 τό
1003 3776 1182 3857 ἐναρμόνιον
1197 3777 1289 3858 γένος

210 3867 337 3945 Olympo
360 3867 535 3941 adsignauit.
