2782 4642
595 329 911 419 --39-θ

148 517 225 580 que
247 499 317 563 iure
339 516 409 563 meo
438 499 551 581 Amyci
581 517 706 580 quoque
734 500 899 566 inuentum
928 501 1030 568 eidem
1061 502 1154 567 classi
1183 504 1242 567 ad·

154 601 330 684 scripsisse
352 601 431 667 mihi
452 602 571 668 uideor.
593 639 637 648 —

252 705 270 786 ξ
293 705 335 770 32
357 700 458 787 „capi
473 727 507 768 τε
524 702 681 792 μουσικὴν
693 699 866 790 Ὄλυμπος
881 701 898 770 ὃ
914 703 1026 782 Μυσὸς
1040 703 1097 794 τὴν
1112 701 1243 772 Λύδιον

152 801 324 894 ἁρμονίαν
353 805 628 893 ἑφιλοσέχνησεν.“
659 810 750 874 Hanc
780 808 878 874 fuisse
909 808 1089 874 Aristoxeni
1117 816 1242 875 senten·

157 911 242 974 tiam
265 908 350 974 Plut.
372 912 412 974 de
435 929 513 975 mus.
538 911 587 991 15,
617 912 637 976 3
668 912 770 990 docet,
801 929 982 993 quanquam
1011 916 1160 976 accurate
1182 929 1242 975 non

158 1012 324 1090 distinxit,
347 1031 513 1093 quemnam
530 1013 712 1096 Olympum,
729 1013 883 1078 seniorem
900 1031 940 1078 an
956 1013 1120 1094 iuniorem,
1142 1014 1243 1095 Phry·

156 1134 236 1197 gem
259 1133 300 1180 an
323 1115 458 1196 Mysum,
479 1114 534 1180 ille
557 1117 589 1181 in
613 1124 717 1181 mente
739 1116 897 1182 habuerit.
918 1151 961 1163 -

251 1218 271 1300 ξ
292 1219 335 1283 33
358 1217 414 1297 ,μί
433 1240 469 1281 σε
489 1214 715 1304 Τρωγλοδύται
738 1214 931 1302 καλούμενοι
954 1213 1121 1303 σαμβύκην
1142 1207 1243 1304 εὗρον,

155 1311 302 1404 ἷίργανυν
332 1316 519 1403 μουσικόν.“
564 1321 703 1402 Euphor.
734 1341 784 1403 ap.
810 1320 924 1386 Athen.
948 1321 1025 1386 XIV
1046 1340 1076 1401 p.
1098 1321 1178 1386 633ῐ
1203 1322 1244 1386 dc

159 1423 333 1488 sambuca:
363 1426 529 1510 ,,χρῆσθαι
559 1416 646 1511 αὐτῷ
668 1424 829 1507 Πάρθους
858 1420 915 1489 καὶ
940 1422 1172 1511 Τρωγλοδύτας
1194 1445 1243 1487 σε·

160 1521 333 1612 τραχόρδιμ
356 1519 461 1607 ὅντι“;
484 1528 623 1593 Ariston.
646 1547 697 1609 up.
720 1528 836 1593 Athen.
859 1528 905 1592 IV
927 1548 958 1609 p.
982 1527 1061 1593 182¹
1081 1535 1113 1592 et
1137 1526 1244 1592 Strab.

161 1629 197 1694 X
219 1630 250 1710 3,
276 1631 313 1694 ll
337 1648 405 1694 eam
429 1631 512 1695 inter
535 1630 673 1695 barbara
694 1629 907 1695 iustrumenta
929 1637 1106 1696 numerant
1121 1666 1165 1674 —-

256 1733 341 1814 §34
368 1730 472 1818 ,μγασί
505 1731 542 1797 δὲ
576 1730 633 1796 καὶ
670 1730 727 1818 τὴν
761 1727 904 1815 πλαγίαν
939 1728 1072 1815 σύριγγα
1100 1729 1244 1817 Σάτυρον

157 1829 271 1921 «εὑρεῖν
292 1831 349 1898 τὸν
376 1830 515 1920 Φρύγα.“
559 1835 664 1900 Unum
688 1836 893 1901 testimonum
916 1842 1021 1901 exstat
1043 1836 1075 1899 in
1100 1832 1244 1900 Grameri

168 1939 227 2003 An.
252 1938 309 2004 Ox.
333 1937 378 2002 IV
400 1957 430 2018 p.
453 1938 526 2017 400,
555 1938 608 2002 ubi
640 1937 725 2002 inter
756 1937 820 2002 alia
842 1937 1060 2004 heurcmatica
1083 1935 1137 2018 (ci.
1159 1933 1243 2002 infra

164 2059 236 2123 cap.
259 2040 352 2124 VIII)
375 2041 427 2106 hic
451 2042 592 2106 traditur
614 2041 778 2122 catalogus
805 2040 849 2105 ad
869 2048 971 2105 artem
994 2041 1147 2106 musicam
1169 2056 1243 2120 per-

168 2144 289 2208 tinens:
312 2144 374 2224 „10
391 2140 562 2229 Μουσικὴν
583 2140 639 2206 καὶ
663 2144 700 2206 11
726 2139 880 2206 παιδείαν
904 2145 1056 2207 Μοῦσαι·
1081 2143 1121 2207 12
1144 2137 1244 2230 λύραν

163 2243 221 2310 καί
247 2247 286 2311 13
302 2241 436 2330 σύριγγα
451 2241 686 2328 πολυιοίλαμον
693 2240 826 2331 Ἑρμῆς·
853 2246 893 2310 14
908 2241 1041 2331 σίριγγα
1057 2240 1201 2327 πλαγίαν
1212 2246 1243 2326 1)

166 2344 313 2436 Σάτυρος
339 2344 443 2433 Φρύξ·
475 2350 514 2413 15
537 2340 653 2424 attola
679 2341 826 2432 Ἀθηνᾶ·
858 2349 898 2415 16
926 2344 1097 2434 τρίχορδον
1124 2345 1178 2411 καί
1203 2351 1242 2414 ll
1342 2425 1345 2430 Ι

169 2449 227 2539 τὴν
249 2448 444 2535 ἐναρμονίαν
460 2452 504 2536 (l)
523 2445 654 2536 Ὕαγνις
679 2446 784 2535 Φρύξ·
818 2450 857 2516 18
885 2446 1053 2534 κρούματα
1072 2444 1245 2533 Ὄλυμπος

168 2550 305 2631 Μυσός·
331 2555 370 2621 19
394 2547 479 2642 ᾠδὴν
499 2552 584 2641 πρὸς
604 2550 749 2636 κιθάραν
764 2556 890 2630 Λῖνος·
914 2554 956 2617 20
977 2547 1096 2635 ίίμνους
1113 2555 1244 2635 πρῶτος

168 2653 365 2743 Στησίχορος
380 2652 573 2741 Ἱμεραῖος.“
618 2659 664 2723 Ac
693 2656 872 2722 mirandum
902 2656 1030 2738 quidem
1060 2656 1243 2719 immodum

167 2759 227 2825 hoc
248 2759 420 2826 frustulum
444 2780 515 2827 cum
546 2780 584 2826 ea
606 2759 792 2825 Clementini
822 2758 961 2838 catalogi
991 2756 1149 2840 particula
1171 2774 1244 2821 con-

168 2862 277 2942 sentit,
300 2882 363 2944 qua
384 2856 448 2949 είρ.
471 2865 510 2929 de
540 2880 601 2945 quo
631 2862 755 2942 agimus
786 2863 967 2928 continetur
988 2868 1021 2928 et
1042 2879 1138 2941 quam
1159 2860 1191 2923 in
1215 2861 1244 2923 A

164 2965 387 3047 corpusculum
403 2984 473 3032 esse
487 2967 646 3030 intrusam
661 2983 759 3046 supra
773 2964 994 3052 intelleximus.
1028 2964 1145 3028 Omnes
1160 2962 1244 3026 enim

165 3066 363 3133 Grameriani
393 3068 506 3133 indicIs
536 3070 718 3133 incentores
749 3067 878 3132 barbari
911 3067 963 3149 (ἓξ
987 3066 1037 3131 m
1062 3066 1102 3130 16
1117 3083 1163 3145 sq.
1188 3064 1245 3145 18)

169 3171 276 3234 eodem
311 3170 421 3236 ordine
454 3169 515 3234 hoc
537 3168 723 3236 Clementini
756 3168 894 3251 catalogi
925 3167 993 3235 loco
1027 3167 1080 3251 (ἐξ
1102 3167 1245 3250 34-37)

170 3276 388 3350 recensentur3
419 3278 588 3354 praeterea
619 3279 794 3337 extremum
824 3273 910 3338 illius
938 3264 1003 3357 εὕρ.
1038 3271 1123 3353 apud
1148 3270 1244 3336 Olem.

170 3372 199 3438 in
215 3373 318 3440 altera
333 3376 448 3457 capitis
462 3383 556 3458 parte
571 3375 703 3457 legitur:
726 3378 744 3458 ἕ
759 3376 810 3441 51
827 3375 995 3440 Putaueris
1009 3374 1109 3456 Igitur
1122 3379 1244 3438 utram-

167 3493 230 3557 que
252 3479 435 3543 memoriam
459 3479 564 3543 redire
586 3479 629 3543 ad
644 3480 778 3544 eundem
801 3484 971 3559 auctorem,
995 3483 1101 3542 tamen
1118 3479 1244 3539 exstant

171 3580 403 3662 discrepantiae
425 3582 581 3662 quaedam
604 3581 787 3662 scrupulum
809 3584 983 3658 mouentes
1005 3581 1046 3644 de
1068 3578 1183 3660 quibus
1201 3576 1245 3640 ad

167 3683 206 3768 ἕξ
229 3704 260 3768 q.
284 3702 309 3748 s.
331 3702 471 3766 agemus
494 3721 535 3730 -

257 3897 287 3972 1)
311 3895 434 3954 Correxi
456 3914 510 3971 pro
534 3891 680 3952 πλατείαν.
