2782 4642
616 79 828 146 ..49-

146 263 214 311 se
241 265 381 314 conexas
403 255 476 330 post
499 250 726 330 Aegyptiorum
750 249 936 316 heuremata
957 251 1011 333 (55
1034 252 1132 333 1-5)
1154 271 1175 314 a
1197 252 1267 318 Ole-

147 355 289 416 mente
313 368 373 414 non
405 351 601 430 imprudenti
631 352 770 417 insertas
799 369 869 417 csse
897 370 994 434 supra
1016 372 1047 435 p.
1073 354 1112 420 18
1135 356 1266 420 demon-

152 453 296 532 straui,
318 458 352 516 ct
372 457 541 533 praeterea
563 453 646 518 duae
680 455 858 534 particulae
890 456 1086 536 dissipatae:
1117 458 1135 538 5
1159 458 1198 522 21
1222 487 1266 510 =

147 555 253 620 Ἰοῖ.
284 555 365 638 511
397 564 430 620 et
461 556 545 637 549
565 585 609 608 =
638 554 825 639 Tat.§1l.
868 558 1024 636 Quoniam
1054 564 1160 623 autem
1194 577 1264 624 cum

149 657 190 739 ’ξ
216 656 266 721 49
288 663 360 721 arte
381 658 530 724 cohaeret
561 659 580 740 5
601 659 643 724 48
674 665 708 723 et
737 661 904 740 utriusque
931 659 1128 741 paragraphi
1150 667 1266 726 natura

165 759 427 824 similitudinem
442 760 602 841 quandam
617 761 726 843 prodit
742 759 798 843 (48
813 763 853 827 de
869 761 1036 827 Semirami
1050 763 1264 846 Assyriorum,

160 863 221 928 49
238 863 282 927 de
298 862 416 928 Atossa
431 861 600 927 Persarum
616 863 751 944 regina),
773 864 792 945 5
806 864 849 929 48
864 881 926 928 non
943 882 1011 929 esse
1033 866 1265 947 segregandam

163 964 331 1030 arbitror.
376 965 521 1047 Denique
542 966 640 1030 etiam
662 966 680 1048 5
706 966 745 1031 31
772 967 926 1049 (Amycus
957 967 1082 1032 inuenit
1112 962 1264 1053 ἱμάντας)

168 1067 287 1132 eidem
309 1065 390 1132 fonti
419 1066 576 1147 adscribo,
607 1073 643 1132 ut
673 1087 729 1133 eae
760 1074 884 1133 tanturn
907 1070 1105 1150 paragraphi
1132 1076 1265 1154 restent,

166 1189 268 1252 quae
291 1171 333 1234 ad
357 1177 459 1237 artem
483 1172 635 1236 musicam
656 1177 812 1251 spectant.

270 1272 340 1338 Hae
355 1279 463 1337 autern
475 1291 513 1338 ea
528 1274 598 1353 ipsa
612 1292 656 1352 re,
669 1275 753 1355 quod
769 1292 828 1338 non
845 1275 937 1340 modo
953 1275 1025 1356 pari
1039 1276 1264 1357 conlocatione,

179 1377 243 1440 sed
266 1375 363 1441 etiam
385 1376 457 1457 pari
479 1380 667 1456 argumento
688 1377 908 1442 consociantur
930 1383 1031 1460 atque*
1048 1377 1160 1443 idoneo
1175 1384 1265 1443 cata-

181 1477 253 1560 logi
285 1477 480 1558 alphabetici
512 1479 580 1545 loco
612 1481 754 1544 insertae
786 1489 860 1545 sunt
891 1479 944 1562 (cf.
976 1501 1009 1562 p.
1041 1481 1106 1561 18),
1137 1481 1169 1544 in
1203 1499 1264 1544 uno

173 1583 357 1663 eodemque
380 1580 484 1661 agello
507 1598 540 1645 se
562 1580 737 1646 effloruisse
759 1583 942 1647 enuntiant:
965 1583 1004 1664 55
1026 1582 1164 1648 33-41.
1198 1582 1264 1648 Νοο

177 1700 260 1747 aero
283 1683 326 1746 ad
348 1683 483 1748 eundem
506 1688 669 1748 auctorem
692 1685 796 1750 redire
818 1692 924 1767 caput,
954 1686 1038 1767 quod
1060 1685 1112 1751 his
1134 1685 1174 1768 55
1196 1683 1264 1750 effi-

177 1785 278 1865 citur,
311 1789 408 1867 atque
437 1784 465 1849 B
495 1785 716 1867 corpusculum
746 1788 785 1868 ei,
823 1788 944 1868 opinor,
975 1787 1176 1869 probabitur,
1209 1789 1264 1869 qui

177 1904 294 1954 aecum
316 1887 479 1967 reputabit
507 1888 539 1951 in
569 1887 596 1951 B
627 1888 762 1971 Olympo
791 1895 825 1954 et
847 1889 995 1973 Marsyae
1023 1889 1087 1953 alia
1109 1892 1264 1973 quaedam

182 1988 315 2054 inuenta
336 1989 498 2071 adsignari
527 1995 624 2070 atque
654 1991 684 2053 in
717 1991 789 2072 isto,
819 1991 963 2057 conferas
984 1993 1067 2057 enirn
1092 1992 1264 2058 Clementis

180 2091 267 2174 512
299 2108 370 2155 cum
401 2092 440 2175 55
462 2093 600 2158 37-40.
643 2092 882 2173 Paragraphum
915 2112 989 2158 uero
1019 2094 1072 2174 26,
1102 2114 1197 2176 quam
1232 2101 1264 2160 et

183 2195 285 2276 ipsam
300 2194 363 2258 huc
378 2204 522 2274 spectare
537 2193 629 2261 facile
644 2195 853 2274 cognoscitur,
868 2215 887 2259 a
903 2194 1063 2260 Clemente
1079 2206 1262 2279 separatam

182 2303 214 2361 et
234 2296 388 2378 peculiari
410 2297 479 2364 loco
500 2297 638 2380 positam
662 2316 731 2363 csse
753 2297 839 2363 haud
870 2298 917 2362 ita
939 2298 1052 2362 mirum
1076 2305 1135 2364 est.
1180 2299 1262 2364 Nam

181 2399 327 2464 ordinem
349 2396 446 2463 iontis
461 2407 585 2465 mutare
600 2399 840 2480 compilatorum
864 2405 915 2466 est
937 2418 998 2464 non
1014 2401 1116 2465 solum
1132 2419 1263 2466 consue-

186 2502 272 2583 tudo,
299 2502 356 2566 sed
379 2501 476 2567 etiam
499 2501 650 2566 studium.
695 2502 923 2583 Indagauimus
945 2503 1043 2583 igitur
1065 2504 1095 2567 in
1121 2502 1262 2570 Clemen-

181 2603 249 2668 tino
279 2603 425 2684 catalogo
455 2604 586 2668 tertium
617 2605 848 2684 corpusculum,
878 2606 963 2686 quod
994 2604 1019 2671 G
1048 2604 1158 2671 littera
1186 2607 1262 2673 insi-

184 2723 339 2786 gnramus.

184 2870 378 2956 γεωμετρίαν’
410 2905 453 2928 =
483 2878 546 2938 aar.
570 2877 586 2956 5
621 2880 637 2937 7
668 2905 711 2928 =
740 2878 827 2954 Greg.
851 2878 867 2957 5
894 2884 940 2938 16.
986 2879 1072 2942 Quod
1103 2874 1165 2958 εῧρ.
1197 2901 1263 2939 cum

182 2963 331 3024 arussime
354 2965 511 3023 cohaereat
533 2983 598 3022 cum
623 2962 658 3042 55
680 2967 759 3023 1-4
775 2966 954 3041 alphabetici
977 2966 1111 3041 catalogi,
1133 2966 1166 3023 in
1181 2972 1263 3026 utro-

184 3068 244 3129 que
266 3049 429 3108 (llementis
450 3052 534 3107 fonte
557 3047 596 3125 (A
613 3057 642 3109 et
658 3050 693 3126 B)
717 3061 868 3110 narratum
889 3051 982 3109 fuisse
1003 3052 1132 3112 uidetur.
1150 3086 1192 3095 —
1214 3054 1263 3111 Ad

180 3153 273 3213 quem
303 3155 375 3194 uero
404 3135 517 3193 fontem
548 3135 779 3195 additamentum
809 3137 845 3195 ad
867 3133 884 3214 5
909 3139 924 3194 1
949 3137 1096 3196 adiectum
1118 3157 1263 3214 reuocem,

179 3220 312 3290 haesit03
335 3219 445 3295 legitur
467 3220 544 3278 enim
569 3218 586 3299 5
612 3222 626 3277 1
658 3217 841 3298 „Alyv‘rcrcoc
864 3256 904 3265 —
928 3214 1128 3298 οἷστρολογίοιν,
1151 3214 1263 3298 ὁμοίως

181 3299 214 3362 δὲ
234 3300 286 3362 καὶ
304 3303 487 3365 Χαλδαῖοι“;
508 3307 634 3365 fortasse
656 3306 792 3365 Glemona
815 3309 880 3384 ipse
901 3309 958 3366 hoc
972 3307 1064 3366 finxit
1078 3327 1117 3366 ex
1139 3328 1174 3367 ea
1194 3328 1262 3368 nar·

175 3389 316 3462 ratione,
347 3410 436 3469 quarn
465 3390 578 3466 legerat
606 3391 637 3448 in
668 3393 692 3449 B
721 3392 823 3452 fonte:
856 3393 921 3452 nat.
951 3390 968 3471 5
998 3396 1015 3451 5
1047 3385 1262 3471 ,,ἆστρονομεῖν

180 3469 391 3551 Βαβυλώνιον(
412 3504 455 3526 =
478 3477 565 3552 Greg.
589 3475 605 3555 5
631 3480 685 3547 15;
715 3497 776 3536 non
799 3479 863 3537 sine
894 3497 981 3538 causa
1003 3479 1084 3538 enim
1106 3480 1205 3541 omisit
1227 3473 1260 3537 co*

173 3552 382 3638 οἷστρονομεῖν,
411 3562 481 3642 quia
511 3559 528 3640 5
553 3565 568 3620 l
598 3560 792 3642 ἀστρολογίαν
822 3568 852 3623 et
882 3562 898 3643 5
923 3569 941 3622 6
971 3557 1026 3640 τὴν
1053 3558 1096 3624 δι’
1130 3560 1264 3645 ἀστέρων

175 3641 351 3725 πρόγνωσιν
373 3648 558 3708 exhibuerat.
