<?xml version="1.0" encoding="UTF-8"?>
<!DOCTYPE html PUBLIC "-//W3C//DTD XHTML 1.0 Transitional//EN"
    "http://www.w3.org/TR/xhtml1/DTD/xhtml1-transitional.dtd">
<html xmlns="http://www.w3.org/1999/xhtml" xml:lang="en" lang="en">
 <head>
  <title>
</title>
<meta http-equiv="Content-Type" content="text/html;charset=utf-8" />
  <meta name='ocr-system' content='tesseract 3.04.00' />
  <meta name='ocr-capabilities' content='ocr_page ocr_carea ocr_par ocr_line ocrx_word'/>
</head>
<body>
  <div class='ocr_page' id='page_1' title='image "./decatalogisheur00kremgoog_0043.png"; bbox 0 0 2782 4642; ppageno 0'>
   <div class='ocr_carea' id='block_1_1' title="bbox 463 350 797 416">
    <p class='ocr_par' dir='ltr' id='par_1_1' title="bbox 463 350 797 416">
     <span class='ocr_line' id='line_1_1' title="bbox 463 350 797 416; baseline 0.015 -6"><span class='ocrx_word' id='word_1_1' title='bbox 463 350 797 416; x_wconf 41' lang='lat'><strong>,—31-⁴</strong></span> 
     </span>
    </p>
   </div>
   <div class='ocr_carea' id='block_1_2' title="bbox 147 518 1232 1118">
    <p class='ocr_par' dir='ltr' id='par_1_2' title="bbox 147 518 1232 1118">
     <span class='ocr_line' id='line_1_2' title="bbox 154 518 1232 602; baseline -0.006 -11"><span class='ocrx_word' id='word_1_2' title='bbox 154 525 286 591; x_wconf 85' lang='lat' dir='ltr'><strong>Plinius.</strong></span> <span class='ocrx_word' id='word_1_3' title='bbox 339 521 417 589; x_wconf 89' lang='lat' dir='ltr'>Inde</span> <span class='ocrx_word' id='word_1_4' title='bbox 450 543 521 589; x_wconf 89' lang='lat' dir='ltr'>cum</span> <span class='ocrx_word' id='word_1_5' title='bbox 552 522 646 587; x_wconf 84' lang='lat' dir='ltr'>Plinii</span> <span class='ocrx_word' id='word_1_6' title='bbox 677 523 804 602; x_wconf 88' lang='lat' dir='ltr'>quidem</span> <span class='ocrx_word' id='word_1_7' title='bbox 834 522 971 587; x_wconf 87' lang='lat' dir='ltr'>relatum</span> <span class='ocrx_word' id='word_1_8' title='bbox 1003 518 1056 584; x_wconf 92' lang='lat' dir='ltr'>alii</span> <span class='ocrx_word' id='word_1_9' title='bbox 1086 525 1232 586; x_wconf 77' lang='lat' dir='ltr'>auctores</span> 
     </span>
     <span class='ocr_line' id='line_1_3' title="bbox 155 624 1231 708; baseline -0.006 -15"><span class='ocrx_word' id='word_1_10' title='bbox 155 627 257 708; x_wconf 84' lang='lat' dir='ltr'>(uelut</span> <span class='ocrx_word' id='word_1_11' title='bbox 280 627 371 692; x_wconf 89' lang='lat' dir='ltr'>Diod.</span> <span class='ocrx_word' id='word_1_12' title='bbox 394 627 423 691; x_wconf 92' lang='lat' dir='ltr'>V</span> <span class='ocrx_word' id='word_1_13' title='bbox 447 629 497 706; x_wconf 84' lang='lat'>64,</span> <span class='ocrx_word' id='word_1_14' title='bbox 520 627 555 708; x_wconf 79' lang='lat'>5)</span> <span class='ocrx_word' id='word_1_15' title='bbox 585 625 719 706; x_wconf 79' lang='lat' dir='ltr'>probent</span> <span class='ocrx_word' id='word_1_16' title='bbox 747 643 848 706; x_wconf 88' lang='lat' dir='ltr'>neque</span> <span class='ocrx_word' id='word_1_17' title='bbox 878 624 941 688; x_wconf 95' lang='lat' dir='ltr'>ullo</span> <span class='ocrx_word' id='word_1_18' title='bbox 974 630 1140 705; x_wconf 88' lang='lat' dir='ltr'>praeterea</span> <span class='ocrx_word' id='word_1_19' title='bbox 1163 624 1231 687; x_wconf 89' lang='lat' dir='ltr'>loco</span> 
     </span>
     <span class='ocr_line' id='line_1_4' title="bbox 156 725 1231 811; baseline -0.004 -19"><span class='ocrx_word' id='word_1_20' title='bbox 156 729 282 810; x_wconf 84' lang='lat' dir='ltr'>Dactyli</span> <span class='ocrx_word' id='word_1_21' title='bbox 306 729 411 811; x_wconf 88' lang='lat' dir='ltr'>Cypro</span> <span class='ocrx_word' id='word_1_22' title='bbox 434 728 556 793; x_wconf 90' lang='lat' dir='ltr'>insulae</span> <span class='ocrx_word' id='word_1_23' title='bbox 586 727 772 807; x_wconf 86' lang='lat' dir='ltr'>inferantur,</span> <span class='ocrx_word' id='word_1_24' title='bbox 806 728 869 791; x_wconf 90' lang='lat' dir='ltr'>iam</span> <span class='ocrx_word' id='word_1_25' title='bbox 900 725 1051 791; x_wconf 89' lang='lat' dir='ltr'>Potterus</span> <span class='ocrx_word' id='word_1_26' title='bbox 1073 729 1113 790; x_wconf 89' lang='lat' dir='ltr'>de</span> <span class='ocrx_word' id='word_1_27' title='bbox 1135 727 1231 790; x_wconf 89' lang='lat' dir='ltr'>corri-</span> 
     </span>
     <span class='ocr_line' id='line_1_5' title="bbox 147 828 1232 914; baseline -0.006 -16"><span class='ocrx_word' id='word_1_28' title='bbox 147 834 260 914; x_wconf 83' lang='lat' dir='ltr'>-genda</span> <span class='ocrx_word' id='word_1_29' title='bbox 282 833 368 913; x_wconf 89' lang='lat' dir='ltr'>apud</span> <span class='ocrx_word' id='word_1_30' title='bbox 392 831 488 897; x_wconf 91' lang='lat' dir='ltr'>Clem.</span> <span class='ocrx_word' id='word_1_31' title='bbox 502 832 533 911; x_wconf 86' lang='grc'>1)</span> <span class='ocrx_word' id='word_1_32' title='bbox 565 829 722 910; x_wconf 84' lang='lat' dir='ltr'>scriptura</span> <span class='ocrx_word' id='word_1_33' title='bbox 744 829 907 910; x_wconf 85' lang='lat' dir='ltr'>cogitauit.</span> <span class='ocrx_word' id='word_1_34' title='bbox 953 830 996 892; x_wconf 79' lang='lat' dir='ltr'>nt</span> <span class='ocrx_word' id='word_1_35' title='bbox 1027 828 1232 894; x_wconf 90' lang='lat' dir='ltr'>uerisimilius</span> 
     </span>
     <span class='ocr_line' id='line_1_6' title="bbox 159 926 1231 1016; baseline -0.003 -17"><span class='ocrx_word' id='word_1_36' title='bbox 159 934 235 999; x_wconf 92' lang='lat' dir='ltr'>mihi</span> <span class='ocrx_word' id='word_1_37' title='bbox 264 935 392 1000; x_wconf 86' lang='lat' dir='ltr'>uidetur</span> <span class='ocrx_word' id='word_1_38' title='bbox 422 934 481 999; x_wconf 90' lang='lat' dir='ltr'>sub</span> <span class='ocrx_word' id='word_1_39' title='bbox 513 930 547 997; x_wconf 80' lang='grc' dir='ltr'>ἐν</span> <span class='ocrx_word' id='word_1_40' title='bbox 568 926 697 1016; x_wconf 81' lang='grc' dir='ltr'><strong><em>Κύπρῳ</em></strong></span> <span class='ocrx_word' id='word_1_41' title='bbox 728 933 888 1012; x_wconf 89' lang='lat' dir='ltr'>scriptura</span> <span class='ocrx_word' id='word_1_42' title='bbox 918 930 1089 1013; x_wconf 85' lang='lat' dir='ltr'>uestigium</span> <span class='ocrx_word' id='word_1_43' title='bbox 1121 933 1231 1009; x_wconf 81' lang='lat' dir='ltr'>latere,</span> 
     </span>
     <span class='ocr_line' id='line_1_7' title="bbox 155 1033 1230 1118; baseline -0.004 -18"><span class='ocrx_word' id='word_1_44' title='bbox 155 1055 217 1118; x_wconf 92' lang='lat' dir='ltr'>quo</span> <span class='ocrx_word' id='word_1_45' title='bbox 240 1037 399 1102; x_wconf 90' lang='lat' dir='ltr'>indicetur</span> <span class='ocrx_word' id='word_1_46' title='bbox 422 1037 452 1101; x_wconf 92' lang='lat' dir='ltr'>in</span> <span class='ocrx_word' id='word_1_47' title='bbox 476 1036 627 1118; x_wconf 84' lang='lat' dir='ltr'>primario</span> <span class='ocrx_word' id='word_1_48' title='bbox 650 1033 746 1098; x_wconf 89' lang='lat' dir='ltr'>Clem.</span> <span class='ocrx_word' id='word_1_49' title='bbox 770 1033 857 1099; x_wconf 86' lang='lat' dir='ltr'>fonte</span> <span class='ocrx_word' id='word_1_50' title='bbox 880 1034 1085 1115; x_wconf 79' lang='lat' dir='ltr'>copiosiorem</span> <span class='ocrx_word' id='word_1_51' title='bbox 1109 1033 1230 1099; x_wconf 68' lang='lat' dir='ltr'>exhibi-</span> 
     </span>
    </p>
   </div>
   <div class='ocr_carea' id='block_1_3' title="bbox 151 1136 1317 3474">
    <p class='ocr_par' dir='ltr' id='par_1_3' title="bbox 151 1136 1317 3474">
     <span class='ocr_line' id='line_1_8' title="bbox 157 1136 1230 1217; baseline -0.003 -15"><span class='ocrx_word' id='word_1_52' title='bbox 157 1147 222 1203; x_wconf 86' lang='lat' dir='ltr'>tam</span> <span class='ocrx_word' id='word_1_53' title='bbox 238 1139 338 1204; x_wconf 85' lang='lat' dir='ltr'>fuisse</span> <span class='ocrx_word' id='word_1_54' title='bbox 354 1139 565 1203; x_wconf 81' lang='lat' dir='ltr'>narrationem</span> <span class='ocrx_word' id='word_1_55' title='bbox 582 1138 622 1200; x_wconf 92' lang='lat' dir='ltr'>de</span> <span class='ocrx_word' id='word_1_56' title='bbox 640 1136 839 1201; x_wconf 89' lang='lat' dir='ltr'>metallorum</span> <span class='ocrx_word' id='word_1_57' title='bbox 855 1137 1083 1201; x_wconf 85' lang='lat' dir='ltr'>incentoribus.</span> <span class='ocrx_word' id='word_1_58' title='bbox 1106 1136 1230 1217; x_wconf 80' lang='lat' dir='ltr'>Cyprus</span> 
     </span>
     <span class='ocr_line' id='line_1_9' title="bbox 156 1239 1229 1322; baseline -0.004 -16"><span class='ocrx_word' id='word_1_59' title='bbox 156 1244 238 1306; x_wconf 93' lang='lat' dir='ltr'>enim</span> <span class='ocrx_word' id='word_1_60' title='bbox 262 1243 366 1307; x_wconf 88' lang='lat' dir='ltr'>insula</span> <span class='ocrx_word' id='word_1_61' title='bbox 388 1239 583 1322; x_wconf 75' lang='lat' dir='ltr'>persaepe²l</span> <span class='ocrx_word' id='word_1_62' title='bbox 616 1240 698 1304; x_wconf 88' lang='lat' dir='ltr'>aeris</span> <span class='ocrx_word' id='word_1_63' title='bbox 726 1240 923 1304; x_wconf 86' lang='lat' dir='ltr'>feracissima</span> <span class='ocrx_word' id='word_1_64' title='bbox 954 1239 1122 1317; x_wconf 88' lang='lat' dir='ltr'>landatur,</span> <span class='ocrx_word' id='word_1_65' title='bbox 1155 1239 1229 1320; x_wconf 87' lang='lat' dir='ltr'>quin</span> 
     </span>
     <span class='ocr_line' id='line_1_10' title="bbox 155 1331 1230 1424; baseline -0.004 -15"><span class='ocrx_word' id='word_1_66' title='bbox 155 1344 233 1410; x_wconf 87' lang='grc' dir='ltr'><strong>Ρ1111.</strong></span> <span class='ocrx_word' id='word_1_67' title='bbox 259 1365 288 1409; x_wconf 91' lang='lat' dir='ltr'>n.</span> <span class='ocrx_word' id='word_1_68' title='bbox 313 1345 342 1409; x_wconf 92' lang='lat' dir='ltr'>h.</span> <span class='ocrx_word' id='word_1_69' title='bbox 365 1343 499 1408; x_wconf 86' lang='lat' dir='ltr'>XXXIV</span> <span class='ocrx_word' id='word_1_70' title='bbox 522 1343 542 1406; x_wconf 80' lang='lat'><em>2</em></span> <span class='ocrx_word' id='word_1_71' title='bbox 565 1342 604 1405; x_wconf 90' lang='lat' dir='ltr'>al.</span> <span class='ocrx_word' id='word_1_72' title='bbox 628 1343 671 1406; x_wconf 91' lang='lat' dir='ltr'>ibi</span> <span class='ocrx_word' id='word_1_73' title='bbox 695 1343 849 1424; x_wconf 88' lang='lat' dir='ltr'>„primam</span> <span class='ocrx_word' id='word_1_74' title='bbox 882 1331 965 1408; x_wconf 76' lang='lat' dir='ltr'>aer&#39;is</span> <span class='ocrx_word' id='word_1_75' title='bbox 995 1342 1230 1405; x_wconf 85' lang='lat' dir='ltr'>inuentionem“</span> 
     </span>
     <span class='ocr_line' id='line_1_11' title="bbox 155 1444 1229 1524; baseline -0.003 -13"><span class='ocrx_word' id='word_1_76' title='bbox 155 1449 272 1514; x_wconf 82' lang='lat' dir='ltr'>iactam</span> <span class='ocrx_word' id='word_1_77' title='bbox 295 1465 363 1511; x_wconf 89' lang='lat' dir='ltr'>esse</span> <span class='ocrx_word' id='word_1_78' title='bbox 378 1446 538 1524; x_wconf 80' lang='lat' dir='ltr'>reserunt3</span> <span class='ocrx_word' id='word_1_79' title='bbox 561 1446 676 1509; x_wconf 90' lang='lat' dir='ltr'>deinde</span> <span class='ocrx_word' id='word_1_80' title='bbox 700 1446 813 1511; x_wconf 86' lang='lat' dir='ltr'>Strabo</span> <span class='ocrx_word' id='word_1_81' title='bbox 828 1445 903 1509; x_wconf 91' lang='lat' dir='ltr'>XIV</span> <span class='ocrx_word' id='word_1_82' title='bbox 927 1446 990 1523; x_wconf 59' lang='lat' dir='ltr'>zi</span> <span class='ocrx_word' id='word_1_83' title='bbox 1014 1444 1229 1524; x_wconf 82' lang='lat' dir='ltr'>‚,(Telcbines)</span> 
     </span>
     <span class='ocr_line' id='line_1_12' title="bbox 155 1536 1231 1632; baseline -0.006 -18"><span class='ocrx_word' id='word_1_84' title='bbox 155 1548 274 1626; x_wconf 74' lang='grc' dir='ltr'>ἐλθεῖν,</span> <span class='ocrx_word' id='word_1_85' title='bbox 306 1549 361 1627; x_wconf 76' lang='lat' dir='ltr'>ait,</span> <span class='ocrx_word' id='word_1_86' title='bbox 396 1545 432 1611; x_wconf 78' lang='grc' dir='ltr'>ἐν</span> <span class='ocrx_word' id='word_1_87' title='bbox 465 1543 595 1632; x_wconf 69' lang='grc' dir='ltr'><strong><em>Κρήτης</em></strong></span> <span class='ocrx_word' id='word_1_88' title='bbox 626 1542 673 1622; x_wconf 85' lang='grc' dir='ltr'>εἰς</span> <span class='ocrx_word' id='word_1_89' title='bbox 715 1543 890 1629; x_wconf 78' lang='grc' dir='ltr'><strong><em>Κύπρον</em></strong></span> <span class='ocrx_word' id='word_1_90' title='bbox 919 1549 1068 1631; x_wconf 79' lang='grc' dir='ltr'><strong><em>πρῶτον,</em></strong></span> <span class='ocrx_word' id='word_1_91' title='bbox 1097 1536 1155 1609; x_wconf 75' lang='grc' dir='ltr'>εἶτ’</span> <span class='ocrx_word' id='word_1_92' title='bbox 1183 1540 1231 1619; x_wconf 82' lang='grc' dir='ltr'>εἰς</span> 
     </span>
     <span class='ocr_line' id='line_1_13' title="bbox 151 1643 1231 1736; baseline -0.006 -20"><span class='ocrx_word' id='word_1_93' title='bbox 151 1646 276 1716; x_wconf 79' lang='grc' dir='ltr'><strong><em>Ῥόδον·</em></strong></span> <span class='ocrx_word' id='word_1_94' title='bbox 300 1646 450 1736; x_wconf 78' lang='grc' dir='ltr'><strong><em>πρώτους</em></strong></span> <span class='ocrx_word' id='word_1_95' title='bbox 472 1643 499 1712; x_wconf 78' lang='grc' dir='ltr'>δ’</span> <span class='ocrx_word' id='word_1_96' title='bbox 532 1644 737 1734; x_wconf 75' lang='grc' dir='ltr'><strong><em>ἐργάσασθαι</em></strong></span> <span class='ocrx_word' id='word_1_97' title='bbox 769 1644 901 1735; x_wconf 78' lang='grc' dir='ltr'><strong><em>σίδηρόν</em></strong></span> <span class='ocrx_word' id='word_1_98' title='bbox 932 1671 967 1712; x_wconf 78' lang='grc' dir='ltr'>τε</span> <span class='ocrx_word' id='word_1_99' title='bbox 996 1647 1053 1712; x_wconf 79' lang='grc' dir='ltr'>καὶ</span> <span class='ocrx_word' id='word_1_100' title='bbox 1080 1645 1231 1727; x_wconf 78' lang='grc' dir='ltr'><strong><em>χαλκόν.“</em></strong></span> 
     </span>
     <span class='ocr_line' id='line_1_14' title="bbox 156 1750 1230 1834; baseline -0.003 -16"><span class='ocrx_word' id='word_1_101' title='bbox 156 1755 280 1830; x_wconf 81' lang='lat' dir='ltr'>Quibus</span> <span class='ocrx_word' id='word_1_102' title='bbox 301 1752 490 1817; x_wconf 84' lang='lat' dir='ltr'>testimoniis</span> <span class='ocrx_word' id='word_1_103' title='bbox 520 1750 656 1817; x_wconf 87' lang='lat' dir='ltr'>efficitur</span> <span class='ocrx_word' id='word_1_104' title='bbox 689 1752 721 1816; x_wconf 93' lang='lat' dir='ltr'>in</span> <span class='ocrx_word' id='word_1_105' title='bbox 742 1753 892 1834; x_wconf 90' lang='lat' dir='ltr'>primario</span> <span class='ocrx_word' id='word_1_106' title='bbox 914 1751 1001 1817; x_wconf 82' lang='lat' dir='ltr'>fonte</span> <span class='ocrx_word' id='word_1_107' title='bbox 1024 1751 1121 1832; x_wconf 91' lang='lat' dir='ltr'>Cypri</span> <span class='ocrx_word' id='word_1_108' title='bbox 1145 1771 1230 1816; x_wconf 91' lang='lat' dir='ltr'>meu-</span> 
     </span>
     <span class='ocr_line' id='line_1_15' title="bbox 160 1852 1229 1936; baseline 0 -16"><span class='ocrx_word' id='word_1_109' title='bbox 160 1858 274 1920; x_wconf 88' lang='lat' dir='ltr'>tionem</span> <span class='ocrx_word' id='word_1_110' title='bbox 297 1856 438 1936; x_wconf 91' lang='lat' dir='ltr'>potuisse</span> <span class='ocrx_word' id='word_1_111' title='bbox 459 1852 537 1918; x_wconf 88' lang='lat' dir='ltr'>fieri.</span> <span class='ocrx_word' id='word_1_112' title='bbox 583 1853 805 1933; x_wconf 75' lang='lat' dir='ltr'>compilatoris</span> <span class='ocrx_word' id='word_1_113' title='bbox 835 1853 934 1934; x_wconf 85' lang='lat' dir='ltr'>igitur</span> <span class='ocrx_word' id='word_1_114' title='bbox 955 1855 1087 1919; x_wconf 87' lang='lat' dir='ltr'>leuitate</span> <span class='ocrx_word' id='word_1_115' title='bbox 1110 1856 1229 1920; x_wconf 84' lang='lat' dir='ltr'>iudica-</span> 
     </span>
     <span class='ocr_line' id='line_1_16' title="bbox 158 1956 1230 2040; baseline 0 -19"><span class='ocrx_word' id='word_1_116' title='bbox 158 1960 259 2023; x_wconf 89' lang='lat' dir='ltr'>bimus</span> <span class='ocrx_word' id='word_1_117' title='bbox 286 1959 497 2022; x_wconf 85' lang='lat' dir='ltr'>narrationem</span> <span class='ocrx_word' id='word_1_118' title='bbox 531 1976 600 2021; x_wconf 89' lang='lat' dir='ltr'>esse</span> <span class='ocrx_word' id='word_1_119' title='bbox 631 1958 833 2021; x_wconf 81' lang='lat' dir='ltr'>decurtatam·</span> <span class='ocrx_word' id='word_1_120' title='bbox 858 1963 955 2040; x_wconf 87' lang='lat' dir='ltr'>atque</span> <span class='ocrx_word' id='word_1_121' title='bbox 984 1958 1031 2022; x_wconf 85' lang='lat' dir='ltr'>ita</span> <span class='ocrx_word' id='word_1_122' title='bbox 1059 1956 1230 2032; x_wconf 88' lang='lat' dir='ltr'>confusam,</span> 
     </span>
     <span class='ocr_line' id='line_1_17' title="bbox 156 2059 1306 2143; baseline -0.002 -17"><span class='ocrx_word' id='word_1_123' title='bbox 156 2071 189 2126; x_wconf 83' lang='lat' dir='ltr'>ut</span> <span class='ocrx_word' id='word_1_124' title='bbox 214 2061 311 2143; x_wconf 83' lang='lat' dir='ltr'>Cypri</span> <span class='ocrx_word' id='word_1_125' title='bbox 334 2080 444 2125; x_wconf 90' lang='lat' dir='ltr'>nomen</span> <span class='ocrx_word' id='word_1_126' title='bbox 467 2061 583 2126; x_wconf 89' lang='lat' dir='ltr'>iniuria</span> <span class='ocrx_word' id='word_1_127' title='bbox 605 2078 673 2124; x_wconf 92' lang='lat' dir='ltr'>cum</span> <span class='ocrx_word' id='word_1_128' title='bbox 698 2059 843 2140; x_wconf 89' lang='lat' dir='ltr'>Dactylis</span> <span class='ocrx_word' id='word_1_129' title='bbox 865 2061 1116 2142; x_wconf 78' lang='lat' dir='ltr'>coniungeretur,</span> <span class='ocrx_word' id='word_1_130' title='bbox 1304 2062 1306 2066; x_wconf 81' lang='grc'><strong>’</strong></span> 
     </span>
     <span class='ocr_line' id='line_1_18' title="bbox 240 2162 1317 2246; baseline -0.006 -17"><span class='ocrx_word' id='word_1_131' title='bbox 240 2165 383 2246; x_wconf 84' lang='lat' dir='ltr'>Namque</span> <span class='ocrx_word' id='word_1_132' title='bbox 415 2165 444 2227; x_wconf 92' lang='lat' dir='ltr'>in</span> <span class='ocrx_word' id='word_1_133' title='bbox 476 2163 546 2228; x_wconf 87' lang='lat' dir='ltr'>aliis</span> <span class='ocrx_word' id='word_1_134' title='bbox 578 2164 673 2227; x_wconf 88' lang='lat' dir='ltr'>etiam</span> <span class='ocrx_word' id='word_1_135' title='bbox 705 2164 791 2242; x_wconf 88' lang='lat' dir='ltr'>apud</span> <span class='ocrx_word' id='word_1_136' title='bbox 815 2162 951 2227; x_wconf 89' lang='lat' dir='ltr'>Plinium</span> <span class='ocrx_word' id='word_1_137' title='bbox 982 2168 1015 2228; x_wconf 89' lang='lat' dir='ltr'>et</span> <span class='ocrx_word' id='word_1_138' title='bbox 1037 2162 1229 2228; x_wconf 85' lang='lat' dir='ltr'>Clementem</span> <span class='ocrx_word' id='word_1_139' title='bbox 1315 2218 1317 2223; x_wconf 89' lang='lat'><em>.</em></span> 
     </span>
     <span class='ocr_line' id='line_1_19' title="bbox 158 2264 1231 2345; baseline -0.002 -14"><span class='ocrx_word' id='word_1_140' title='bbox 158 2267 302 2331; x_wconf 87' lang='lat' dir='ltr'>narratio</span> <span class='ocrx_word' id='word_1_141' title='bbox 333 2265 464 2331; x_wconf 87' lang='lat' dir='ltr'>fontium</span> <span class='ocrx_word' id='word_1_142' title='bbox 495 2266 622 2329; x_wconf 90' lang='lat' dir='ltr'>diuerso</span> <span class='ocrx_word' id='word_1_143' title='bbox 651 2265 744 2328; x_wconf 91' lang='lat' dir='ltr'>modo</span> <span class='ocrx_word' id='word_1_144' title='bbox 775 2264 925 2329; x_wconf 85' lang='lat' dir='ltr'>mutilata</span> <span class='ocrx_word' id='word_1_145' title='bbox 946 2266 1070 2345; x_wconf 77' lang='lat' dir='ltr'>legitur.</span> <span class='ocrx_word' id='word_1_146' title='bbox 1116 2265 1231 2330; x_wconf 88' lang='lat' dir='ltr'>Celmis</span> 
     </span>
     <span class='ocr_line' id='line_1_20' title="bbox 162 2366 1231 2449; baseline -0.002 -15"><span class='ocrx_word' id='word_1_147' title='bbox 162 2370 244 2434; x_wconf 90' lang='lat' dir='ltr'>enim</span> <span class='ocrx_word' id='word_1_148' title='bbox 278 2374 311 2432; x_wconf 93' lang='lat' dir='ltr'>et</span> <span class='ocrx_word' id='word_1_149' title='bbox 342 2368 603 2446; x_wconf 76' lang='lat' dir='ltr'>Damnameneus</span> <span class='ocrx_word' id='word_1_150' title='bbox 634 2366 841 2448; x_wconf 89' lang='lat' dir='ltr'>Dactylorum</span> <span class='ocrx_word' id='word_1_151' title='bbox 864 2369 999 2446; x_wconf 90' lang='lat' dir='ltr'>nomina,</span> <span class='ocrx_word' id='word_1_152' title='bbox 1029 2387 1111 2449; x_wconf 87' lang='lat' dir='ltr'>quae</span> <span class='ocrx_word' id='word_1_153' title='bbox 1134 2367 1231 2432; x_wconf 91' lang='lat' dir='ltr'>Clem.</span> 
     </span>
     <span class='ocr_line' id='line_1_21' title="bbox 158 2469 1233 2553; baseline -0.001 -17"><span class='ocrx_word' id='word_1_154' title='bbox 158 2472 176 2553; x_wconf 66' lang='grc' dir='ltr'>ξ</span> <span class='ocrx_word' id='word_1_155' title='bbox 199 2472 239 2536; x_wconf 88' lang='grc'>16</span> <span class='ocrx_word' id='word_1_156' title='bbox 262 2471 371 2549; x_wconf 84' lang='lat' dir='ltr'>tradit,</span> <span class='ocrx_word' id='word_1_157' title='bbox 394 2470 616 2534; x_wconf 89' lang='lat' dir='ltr'>desiderantur</span> <span class='ocrx_word' id='word_1_158' title='bbox 637 2470 724 2550; x_wconf 88' lang='lat' dir='ltr'>apud</span> <span class='ocrx_word' id='word_1_159' title='bbox 756 2469 906 2549; x_wconf 89' lang='lat' dir='ltr'>Plinium;</span> <span class='ocrx_word' id='word_1_160' title='bbox 937 2471 977 2534; x_wconf 87' lang='lat' dir='ltr'>ab</span> <span class='ocrx_word' id='word_1_161' title='bbox 1009 2470 1110 2534; x_wconf 88' lang='lat' dir='ltr'>altera</span> <span class='ocrx_word' id='word_1_162' title='bbox 1140 2477 1233 2551; x_wconf 88' lang='lat' dir='ltr'>parte</span> 
     </span>
     <span class='ocr_line' id='line_1_22' title="bbox 157 2572 1230 2654; baseline -0.004 -17"><span class='ocrx_word' id='word_1_163' title='bbox 157 2593 237 2653; x_wconf 93' lang='lat' dir='ltr'>eum,</span> <span class='ocrx_word' id='word_1_164' title='bbox 260 2574 315 2654; x_wconf 91' lang='lat' dir='ltr'>qui</span> <span class='ocrx_word' id='word_1_165' title='bbox 336 2574 421 2653; x_wconf 90' lang='lat' dir='ltr'>apud</span> <span class='ocrx_word' id='word_1_166' title='bbox 443 2572 523 2637; x_wconf 91' lang='lat' dir='ltr'>Plin.</span> <span class='ocrx_word' id='word_1_167' title='bbox 539 2574 647 2654; x_wconf 90' lang='lat' dir='ltr'>Lydus</span> <span class='ocrx_word' id='word_1_168' title='bbox 664 2572 797 2654; x_wconf 85' lang='lat' dir='ltr'>Scythes</span> <span class='ocrx_word' id='word_1_169' title='bbox 819 2573 918 2650; x_wconf 84' lang='lat' dir='ltr'>audit,</span> <span class='ocrx_word' id='word_1_170' title='bbox 942 2572 1086 2637; x_wconf 92' lang='lat' dir='ltr'>Clemens</span> <span class='ocrx_word' id='word_1_171' title='bbox 1109 2572 1230 2653; x_wconf 91' lang='lat' dir='ltr'>simpli-</span> 
     </span>
     <span class='ocr_line' id='line_1_23' title="bbox 158 2670 1230 2759; baseline -0.004 -18"><span class='ocrx_word' id='word_1_172' title='bbox 158 2677 237 2741; x_wconf 86' lang='lat' dir='ltr'>citer</span> <span class='ocrx_word' id='word_1_173' title='bbox 261 2670 391 2759; x_wconf 69' lang='grc' dir='ltr'><strong><em>Σκύθην</em></strong></span> <span class='ocrx_word' id='word_1_174' title='bbox 412 2676 563 2756; x_wconf 86' lang='lat' dir='ltr'>appellat,</span> <span class='ocrx_word' id='word_1_175' title='bbox 595 2677 678 2758; x_wconf 94' lang='lat' dir='ltr'>quod</span> <span class='ocrx_word' id='word_1_176' title='bbox 711 2695 823 2741; x_wconf 90' lang='lat' dir='ltr'>nomen</span> <span class='ocrx_word' id='word_1_177' title='bbox 854 2676 1015 2757; x_wconf 90' lang='lat' dir='ltr'>proprium</span> <span class='ocrx_word' id='word_1_178' title='bbox 1037 2674 1230 2740; x_wconf 84' lang='lat' dir='ltr'>intellexisse</span> 
     </span>
     <span class='ocr_line' id='line_1_24' title="bbox 157 2777 1230 2860; baseline -0.003 -17"><span class='ocrx_word' id='word_1_179' title='bbox 157 2779 284 2843; x_wconf 87' lang='lat' dir='ltr'>uidetur</span> <span class='ocrx_word' id='word_1_180' title='bbox 316 2777 370 2859; x_wconf 88' lang='lat' dir='ltr'>(cf.</span> <span class='ocrx_word' id='word_1_181' title='bbox 392 2798 423 2860; x_wconf 92' lang='lat' dir='ltr'>p.</span> <span class='ocrx_word' id='word_1_182' title='bbox 446 2778 488 2843; x_wconf 82' lang='lat'>30</span> <span class='ocrx_word' id='word_1_183' title='bbox 520 2780 592 2842; x_wconf 90' lang='lat' dir='ltr'>adn.</span> <span class='ocrx_word' id='word_1_184' title='bbox 615 2779 658 2860; x_wconf 78' lang='lat'>2).</span> <span class='ocrx_word' id='word_1_185' title='bbox 714 2777 812 2842; x_wconf 88' lang='lat' dir='ltr'>Porro</span> <span class='ocrx_word' id='word_1_186' title='bbox 847 2777 968 2854; x_wconf 87' lang='lat' dir='ltr'>Delam,</span> <span class='ocrx_word' id='word_1_187' title='bbox 1001 2777 1087 2858; x_wconf 90' lang='lat' dir='ltr'>quod</span> <span class='ocrx_word' id='word_1_188' title='bbox 1119 2794 1230 2841; x_wconf 90' lang='lat' dir='ltr'>nomen</span> 
     </span>
     <span class='ocr_line' id='line_1_25' title="bbox 156 2871 1231 2962; baseline -0.004 -16"><span class='ocrx_word' id='word_1_189' title='bbox 156 2889 285 2962; x_wconf 87' lang='lat' dir='ltr'>praeter</span> <span class='ocrx_word' id='word_1_190' title='bbox 307 2881 365 2945; x_wconf 93' lang='lat' dir='ltr'>hos</span> <span class='ocrx_word' id='word_1_191' title='bbox 387 2882 471 2947; x_wconf 87' lang='lat' dir='ltr'>locos</span> <span class='ocrx_word' id='word_1_192' title='bbox 503 2879 627 2944; x_wconf 91' lang='lat' dir='ltr'>omnino</span> <span class='ocrx_word' id='word_1_193' title='bbox 659 2898 719 2944; x_wconf 90' lang='lat' dir='ltr'>non</span> <span class='ocrx_word' id='word_1_194' title='bbox 750 2881 917 2961; x_wconf 82' lang='lat' dir='ltr'>reperitur,</span> <span class='ocrx_word' id='word_1_195' title='bbox 941 2879 1084 2945; x_wconf 90' lang='lat' dir='ltr'>Clemens</span> <span class='ocrx_word' id='word_1_196' title='bbox 1103 2871 1231 2960; x_wconf 79' lang='grc' dir='ltr'>Ἰδαῖον,</span> 
     </span>
     <span class='ocr_line' id='line_1_26' title="bbox 156 2980 1229 3064; baseline -0.002 -15"><span class='ocrx_word' id='word_1_197' title='bbox 156 2984 278 3049; x_wconf 89' lang='lat' dir='ltr'>Plinius</span> <span class='ocrx_word' id='word_1_198' title='bbox 302 2983 508 3064; x_wconf 84' lang='lat' dir='ltr'>Phrygem</span> <span class='ocrx_word' id='word_1_199' title='bbox 533 2980 707 3063; x_wconf 85' lang='lat' dir='ltr'>significat:</span> <span class='ocrx_word' id='word_1_200' title='bbox 742 3000 920 3063; x_wconf 88' lang='lat' dir='ltr'>quanquam</span> <span class='ocrx_word' id='word_1_201' title='bbox 951 2984 981 3046; x_wconf 93' lang='lat' dir='ltr'>iu</span> <span class='ocrx_word' id='word_1_202' title='bbox 1012 2983 1072 3047; x_wconf 89' lang='lat' dir='ltr'>hoc</span> <span class='ocrx_word' id='word_1_203' title='bbox 1103 2983 1229 3064; x_wconf 89' lang='lat' dir='ltr'>quidem</span> 
     </span>
     <span class='ocr_line' id='line_1_27' title="bbox 161 3084 1231 3166; baseline -0.002 -14"><span class='ocrx_word' id='word_1_204' title='bbox 161 3106 222 3152; x_wconf 91' lang='lat' dir='ltr'>nun</span> <span class='ocrx_word' id='word_1_205' title='bbox 246 3086 450 3164; x_wconf 76' lang='lat' dir='ltr'>haesitamus</span> <span class='ocrx_word' id='word_1_206' title='bbox 482 3093 588 3149; x_wconf 86' lang='lat' dir='ltr'>tamen</span> <span class='ocrx_word' id='word_1_207' title='bbox 612 3085 715 3148; x_wconf 90' lang='lat' dir='ltr'>nescio</span> <span class='ocrx_word' id='word_1_208' title='bbox 747 3103 787 3147; x_wconf 92' lang='lat' dir='ltr'>an</span> <span class='ocrx_word' id='word_1_209' title='bbox 810 3084 860 3149; x_wconf 91' lang='lat' dir='ltr'>cni</span> <span class='ocrx_word' id='word_1_210' title='bbox 890 3084 1072 3166; x_wconf 88' lang='lat' dir='ltr'>scrupulum</span> <span class='ocrx_word' id='word_1_211' title='bbox 1094 3091 1231 3165; x_wconf 85' lang='lat' dir='ltr'>moueat,</span> 
     </span>
     <span class='ocr_line' id='line_1_28' title="bbox 161 3187 1231 3270; baseline -0.001 -17"><span class='ocrx_word' id='word_1_212' title='bbox 161 3190 245 3270; x_wconf 91' lang='lat' dir='ltr'>quod</span> <span class='ocrx_word' id='word_1_213' title='bbox 268 3188 371 3252; x_wconf 88' lang='lat' dir='ltr'>altera</span> <span class='ocrx_word' id='word_1_214' title='bbox 393 3187 647 3252; x_wconf 85' lang='lat' dir='ltr'>narratiunculae</span> <span class='ocrx_word' id='word_1_215' title='bbox 670 3195 762 3269; x_wconf 87' lang='lat' dir='ltr'>parte</span> <span class='ocrx_word' id='word_1_216' title='bbox 786 3223 828 3233; x_wconf 92' lang='lat'>—</span> <span class='ocrx_word' id='word_1_217' title='bbox 851 3187 932 3252; x_wconf 89' lang='lat' dir='ltr'>sicut</span> <span class='ocrx_word' id='word_1_218' title='bbox 954 3189 1046 3252; x_wconf 88' lang='lat' dir='ltr'>modo</span> <span class='ocrx_word' id='word_1_219' title='bbox 1068 3190 1152 3253; x_wconf 89' lang='lat' dir='ltr'>inter</span> <span class='ocrx_word' id='word_1_220' title='bbox 1174 3207 1231 3253; x_wconf 90' lang='lat' dir='ltr'>nos</span> 
     </span>
     <span class='ocr_line' id='line_1_29' title="bbox 159 3289 1230 3358; baseline -0.002 -1"><span class='ocrx_word' id='word_1_221' title='bbox 159 3291 304 3358; x_wconf 86' lang='lat' dir='ltr'>conuenit</span> <span class='ocrx_word' id='word_1_222' title='bbox 336 3327 374 3335; x_wconf 90' lang='lat'>—</span> <span class='ocrx_word' id='word_1_223' title='bbox 407 3289 495 3354; x_wconf 91' lang='lat' dir='ltr'>Idaei</span> <span class='ocrx_word' id='word_1_224' title='bbox 524 3289 644 3354; x_wconf 89' lang='lat' dir='ltr'>ferrum</span> <span class='ocrx_word' id='word_1_225' title='bbox 675 3292 705 3353; x_wconf 92' lang='lat' dir='ltr'>in</span> <span class='ocrx_word' id='word_1_226' title='bbox 730 3290 857 3355; x_wconf 85' lang='lat' dir='ltr'>Creta</span> <span class='ocrx_word' id='word_1_227' title='bbox 885 3290 1042 3356; x_wconf 91' lang='lat' dir='ltr'>inuenisse</span> <span class='ocrx_word' id='word_1_228' title='bbox 1072 3291 1230 3355; x_wconf 87' lang='lat' dir='ltr'>dicuntur.</span> 
     </span>
     <span class='ocr_line' id='line_1_30' title="bbox 160 3392 1229 3474; baseline -0.003 -15"><span class='ocrx_word' id='word_1_229' title='bbox 160 3399 203 3459; x_wconf 87' lang='lat' dir='ltr'>At</span> <span class='ocrx_word' id='word_1_230' title='bbox 225 3395 283 3459; x_wconf 89' lang='lat' dir='ltr'>boc</span> <span class='ocrx_word' id='word_1_231' title='bbox 306 3392 441 3474; x_wconf 84' lang='lat' dir='ltr'>catalogi</span> <span class='ocrx_word' id='word_1_232' title='bbox 463 3392 634 3457; x_wconf 87' lang='lat' dir='ltr'>frustulum</span> <span class='ocrx_word' id='word_1_233' title='bbox 651 3392 761 3474; x_wconf 82' lang='lat' dir='ltr'>(Clem.</span> <span class='ocrx_word' id='word_1_234' title='bbox 777 3392 796 3473; x_wconf 66' lang='grc' dir='ltr'>ξ</span> <span class='ocrx_word' id='word_1_235' title='bbox 812 3393 867 3474; x_wconf 87' lang='grc'>16)</span> <span class='ocrx_word' id='word_1_236' title='bbox 889 3392 1038 3474; x_wconf 80' lang='lat' dir='ltr'>Hesiodo,</span> <span class='ocrx_word' id='word_1_237' title='bbox 1060 3395 1139 3458; x_wconf 93' lang='lat' dir='ltr'>illud</span> <span class='ocrx_word' id='word_1_238' title='bbox 1156 3411 1229 3459; x_wconf 91' lang='lat' dir='ltr'>uero</span> 
     </span>
    </p>
   </div>
   <div class='ocr_carea' id='block_1_4' title="bbox 160 3649 1230 3797">
    <p class='ocr_par' dir='ltr' id='par_1_4' title="bbox 160 3649 1230 3797">
     <span class='ocr_line' id='line_1_31' title="bbox 160 3649 1230 3796; baseline -0.002 -83"><span class='ocrx_word' id='word_1_239' title='bbox 160 3741 183 3796; x_wconf 72' lang='grc' dir='ltr'>Ε</span> <span class='ocrx_word' id='word_1_240' title='bbox 238 3655 276 3796; x_wconf 87' lang='lat' dir='ltr'>b)</span> <span class='ocrx_word' id='word_1_241' title='bbox 291 3654 386 3726; x_wconf 51' lang='lat' dir='ltr'>*Apud</span> <span class='ocrx_word' id='word_1_242' title='bbox 418 3653 507 3713; x_wconf 89' lang='lat' dir='ltr'>Clem</span> <span class='ocrx_word' id='word_1_243' title='bbox 531 3655 588 3712; x_wconf 87' lang='lat' dir='ltr'>iam</span> <span class='ocrx_word' id='word_1_244' title='bbox 612 3654 681 3711; x_wconf 90' lang='lat' dir='ltr'>olim</span> <span class='ocrx_word' id='word_1_245' title='bbox 704 3653 853 3713; x_wconf 84' lang='lat' dir='ltr'>exstitisse</span> <span class='ocrx_word' id='word_1_246' title='bbox 884 3649 914 3710; x_wconf 80' lang='grc' dir='ltr'>ἐν</span> <span class='ocrx_word' id='word_1_247' title='bbox 938 3650 1053 3736; x_wconf 79' lang='grc' dir='ltr'><strong><em>Κύπρῳ</em></strong></span> <span class='ocrx_word' id='word_1_248' title='bbox 1076 3654 1230 3713; x_wconf 83' lang='lat' dir='ltr'>confirmat</span> 
     </span>
     <span class='ocr_line' id='line_1_32' title="bbox 185 3759 313 3797; baseline 0 -1"><span class='ocrx_word' id='word_1_249' title='bbox 185 3759 236 3797; x_wconf 87' lang='lat' dir='ltr'>use</span> <span class='ocrx_word' id='word_1_250' title='bbox 258 3759 313 3796; x_wconf 84' lang='lat' dir='ltr'>rus.</span> 
     </span>
    </p>
   </div>
   <div class='ocr_carea' id='block_1_5' title="bbox 163 3814 1312 4010">
    <p class='ocr_par' dir='ltr' id='par_1_5' title="bbox 163 3814 1312 4010">
     <span class='ocr_line' id='line_1_33' title="bbox 245 3814 1312 3900; baseline 0.002 -19.036"><span class='ocrx_word' id='word_1_251' title='bbox 245 3823 1228 3900; x_wconf 63' lang='grc' dir='ltr'><strong>1.1)ο111.1111114,11;11111,1;1111.νεις141111</strong></span> <span class='ocrx_word' id='word_1_252' title='bbox 1309 3814 1312 3821; x_wconf 82' lang='lat'>&#39;</span> 
     </span>
     <span class='ocr_line' id='line_1_34' title="bbox 163 3909 725 4010; baseline 0 -41"><span class='ocrx_word' id='word_1_253' title='bbox 163 3913 238 3981; x_wconf 77' lang='lat'>1113</span> <span class='ocrx_word' id='word_1_254' title='bbox 262 3911 338 3968; x_wconf 91' lang='lat' dir='ltr'>Plin</span> <span class='ocrx_word' id='word_1_255' title='bbox 362 3909 562 3986; x_wconf 81' lang='lat' dir='ltr'>compluribus</span> <span class='ocrx_word' id='word_1_256' title='bbox 584 3909 665 3969; x_wconf 90' lang='lat' dir='ltr'>locis</span> <span class='ocrx_word' id='word_1_257' title='bbox 715 3997 725 4010; x_wconf 44' lang='lat'><strong>·</strong></span> 
     </span>
    </p>
   </div>
   <div class='ocr_carea' id='block_1_6' title="bbox 0 0 1397 4642">
    <p class='ocr_par' dir='ltr' id='par_1_6' title="bbox 0 0 1397 4642">
     <span class='ocr_line' id='line_1_35' title="bbox 0 0 1397 4642; baseline 0 0"><span class='ocrx_word' id='word_1_258' title='bbox 0 0 1397 4642; x_wconf 95' lang='lat' dir='ltr'> </span> 
     </span>
    </p>
   </div>
  </div>
 </body>
</html>
