2814 4642
648 337 861 402 ,56-

220 507 309 589 apud
334 506 427 589 Diog.
450 505 590 572 dubitari
616 525 710 588 posse
731 527 792 586 -;
822 525 916 589 porro
946 506 978 571 in
1008 508 1119 573 eodem
1149 504 1230 571 libro
1261 525 1304 571 66

218 613 358 674 tractata
386 615 487 688 erant,
509 627 592 690 qnae
614 609 785 675 Clementis
808 610 827 692 6
849 610 891 674 66
907 627 953 690 sq.
976 609 1192 675 continentur:
1224 627 1301 673 nam

221 709 323 776 Gellio
346 716 438 789 teste,
461 730 554 793 quem
577 711 654 775 XIV
676 712 696 775 6
718 711 868 777 Fauorini
894 709 1016 795 Omai9.
1037 710 1107 776 be'st.
1131 728 1304 791 argumen-

219 816 288 877 tum
320 813 499 879 describere
530 812 738 879 Nietzscheus
770 814 861 879 Mas.
895 813 997 880 libero.
1019 812 1129 877 XXIII
1153 813 1236 879 1868
1266 832 1300 894 p.

220 915 283 980 643
298 933 364 996 sqq.
396 916 521 998 docuit,
558 916 590 981 in
623 916 681 981 hoc
714 934 810 997 opere
839 917 923 982 inter
953 915 1018 981 alia
1049 920 1215 980 narratum
1247 934 1301 980 ex·

219 1016 322 1082 stitit:
355 1037 436 1099 „quo
458 1019 582 1082 nomine
605 1016 728 1098 fuisset,
760 1019 814 1099 qui
840 1020 962 1102 primus
986 1021 1214 1100 grammaticus
1243 1035 1306 1099 ap·

219 1119 358 1201 pellatus
390 1123 504 1186 esset“.
553 1120 744 1185 Fauorinum
779 1139 855 1185 uero
887 1139 961 1185 num
996 1119 1140 1185 Clemens
1164 1119 1305 1185 adhibu÷

221 1221 300 1301 erit,
329 1222 526 1303 ignoramus;
556 1223 652 1287 immo
681 1240 792 1286 nomen
823 1222 891 1286 eius
919 1241 958 1286 ne
989 1241 1050 1288 uno
1077 1222 1205 1302 quidem
1230 1221 1305 1287 Ole-

220 1325 335 1387 mentis
364 1324 433 1390 loco
467 1330 738 1390 commemoratur.
782 1325 844 1390 Sed
876 1324 1069 1389 Fauorinum
1102 1325 1307 1405 heurematav

220 1441 303 1504 quae
326 1427 404 1490 data
424 1445 521 1508 opera
544 1433 580 1491 et·
598 1426 750 1507 peculiari
773 1449 870 1490 παντ.
894 1421 956 1490 ior.
978 1433 1070 1509 parte
1092 1425 1305 1507 enarrauerit,

222 1545 240 1591 e
271 1526 603 1611 Philostephani
633 1550 670 1591 π.
693 1522 756 1612 adp.
782 1527 863 1593 libro
894 1529 1082 1611 repetiuisse
1111 1527 1307 1593 Nietzscheo

215 1635 351 1703 *auctore
373 1631 538 1712 probabile
560 1631 688 1695 uidetur
710 1648 788 1695 esse.
831 1631 1099 1713 Philostephanus
1123 1638 1230 1695 autem
1252 1636 1308 1696 est.

221 1731 305 1797 inter
325 1737 472 1798 auctores
494 1735 522 1797 A
545 1732 730 1814 corpusculi.
774 1732 935 1798 Consensu
958 1734 1057 1816 igitur
1072 1732 1247 1798 Clementis
1269 1738 1302 1799 et

220 1833 372 1900 Fauorini
394 1836 566 1900 uerisimile
589 1834 626 1899 fit
648 1835 780 1899 inuenta
801 1836 841 1899 de
864 1835 978 1918 quibus
1001 1837 1184 1917 quaerimus
1207 1837 1249 1902 66
1276 1837 1304 1899 A

218 1935 342 2013 ¹iontem
365 1938 533 2019 pertinere.
579 1938 622 2001 Et
643 1939 763 2018 optime
785 1938 914 2020 quidem
943 1941 984 2003 ad
1007 1937 1307 2019 Philostephanum,

222 2039 468 2120 peripateticum
496 2047 528 2104 et
543 2039 791 2104 Alexandrinum
815 2042 961 2121 quadrat,
983 2042 1068 2121 quod
1083 2040 1303 2122 Praxiphanes

224 2141 453 2223 peripateticus
469 2142 487 2224 §
503 2142 544 2205 67
561 2147 656 2224 atque
672 2141 897 2227 (Callimachus
912 2141 955 2227 et)
972 2142 1202 2208 Eratosthenes
1225 2143 1309 2226 §66

221 2244 424 2308 nominantur
457 2245 513 2326 (ad
542 2244 790 2310 Alexandrinum
830 2253 917 2310 certo
954 2252 1115 2310 auctorem
1158 2246 1219 2310 hae
1264 2246 1306 2329 §§

223 2351 395 2427 propterea
425 2348 621 2414 reuocandas
651 2352 741 2427 sunt,
771 2349 855 2428 quod
888 2348 1075 2429 Pergameni
1098 2349 1307 2431 omittuntur,

225 2450 264 2516 cI.
297 2449 425 2516 Preller.
455 2449 476 2515 l.
500 2450 520 2516 l.
543 2470 574 2532 p.
606 2451 690 2533 102).
741 2451 859 2516 Tamen
889 2451 1120 2532 neglegendum
1157 2468 1219 2514 non
1252 2456 1305 2516 est

225 2554 322 2618 trium
344 2553 518 2634 primorum
540 2547 676 2638 εὑρετῶν
691 2553 804 2619 seriem
821 2554 1056 2634 (Alcmaeonem
1073 2555 1153 2634 dico,
1176 2554 1305 2619 Anaxa·

226 2674 347 2738 goram,
370 2655 615 2736 Antiphontem3
641 2657 682 2720 de
704 2657 889 2737 Apollodori
912 2656 994 2721 enim
1018 2661 1126 2721 aetate
1149 2655 1226 2720 nihil
1242 2655 1304 2720 sci·

225 2759 310 2840 mus)
327 2762 504 2839 temporum
527 2776 651 2840 quoque
673 2758 790 2824 rationi
811 2757 1040 2841 obtemperare,
1062 2777 1100 2823 ac
1127 2757 1177 2822 uel
1200 2757 1310 2838 magis

226 2859 417 2925 offendimus
440 2861 471 2924 in
488 2860 626 2924 Diodoro
649 2861 785 2926 excitato
808 2860 841 2945 (ξ
857 2861 898 2926 63
913 2863 1003 2943 sqq.).
1048 2860 1190 2925 Primum
1221 2860 1304 2925 enim

226 2980 341 3044 prosae
363 2961 515 3026 orationis
537 2963 724 3044 scriptorem
746 2962 872 3041 laudari
895 2961 1046 3028 abhorret
1067 2963 1107 3028 ab
1139 2963 1194 3042 eis,
1222 2980 1310 3045 quae

225 3084 323 3148 supra
337 3084 368 3145 p.
379 3065 474 3147 20sq.
488 3066 528 3128 de
538 3065 567 3128 A
579 3065 757 3146 corpusculi
773 3066 878 3130 indole
893 3065 1095 3131 constituisse
1109 3065 1200 3131 nobIs
1214 3064 1306 3130 uide·

225 3186 314 3245 mur;
336 3166 472 3232 alterum
496 3167 626 3233 Diodori
649 3167 772 3246 laudati
790 3177 880 3233 aetas
895 3167 1080 3250 scrupulum
1098 3173 1215 3248 mouet,
1230 3186 1305 3231 nam

226 3268 461 3349 intellegendus
483 3287 552 3334 esse
575 3270 704 3334 uidetur
726 3269 885 3334 Diodorus
900 3269 1057 3350 Valerius,
1079 3270 1134 3350 qui
1156 3265 1311 3359 &grippone

227 3372 292 3435 τεῒν
308 3368 510 3454 ζητουμένων
532 3370 629 3457 παρὰ
639 3373 711 3448 τοῖς
733 3367 754 3435 ι’
769 3366 920 3459 ῥήτορσιν
935 3378 1164 3453 composuerat,
1187 3372 1309 3436 Hadri·

227 3475 281 3539 ani
303 3473 463 3556 aequalis3
485 3492 548 3556 quo
564 3480 717 3557 quattuor
732 3475 780 3539 illi
795 3475 1012 3554 heuremetici‚
1034 3492 1167 3555 quorum
1182 3493 1201 3540 e
1214 3474 1310 3540 libris

226 3577 256 3640 A
278 3575 498 3657 corpusculum
521 3582 685 3641 consutum
708 3575 780 3656 fuit,
802 3576 902 3641 multo
924 3576 1116 3641 uetustiores
1137 3582 1221 3657 sunt,
1243 3577 1307 3642 nisi

227 3678 311 3744 forte
334 3677 529 3759 Scamonem,
558 3679 648 3744 cuius
680 3680 720 3754 de
740 3684 850 3743 'aetate
880 3678 959 3743 nihil
989 3679 1095 3746 adhuc
1117 3685 1242 3745 constet
1263 3715 1306 3727 -

229 3779 356 3846 Sittelio
384 3784 468 3846 enim
494 3780 605 3848 aesca
638 3782 667 3848 d.
689 3782 804 3865 priecb.
825 3781 905 3846 Litt.
933 3781 965 3845 II
986 3800 1018 3863 p.
1042 3782 1105 3846 363
1136 3784 1190 3847 uix
1219 3782 1306 3863 quis

228 3901 323 3964 quam
339 3884 499 3948 credet-
514 3883 546 3948 in
562 3890 628 3948 tam
645 3889 803 3949 recentem
818 3888 956 3950 aetatem
973 3885 1144 3950 detrudere
1158 3883 1310 3958 uolueris.
