2782 4642
577 372 811 447 ·-.109...

158 547 402 635 Τριπτόλεμος·
424 550 482 617 καί
504 552 546 617 22
568 548 686 637 νόμους
705 550 766 637 μὲν
782 553 976 639 Λυκοῦργος
990 546 1009 618 ὁ
1025 548 1235 640 Σπαρτιάτης

154 651 210 717 καί
234 649 345 718 Σόλων
367 648 385 717 ὁ
405 645 595 739 Ἀθηναῖος,
628 656 670 721 23
698 653 822 720 τῶνδὲ
851 650 1052 742 γραμμάτων
1083 653 1140 742 τὴν
1162 651 1235 721 σύν-

154 755 251 836 ταξιν
279 753 335 820 καί
367 757 410 822 24
438 748 605 840 ἅριθμοίς
634 756 689 822 καί
722 759 765 825 25
793 755 897 844 μέτρα
918 752 979 822 καί
1009 759 1051 824 26
1082 755 1233 842 σταθμία

157 853 359 944 Παλαμήδης
382 856 513 944 ἐφεῦρεν
534 857 590 923 καί
613 855 706 925 ἄλλοι
738 853 822 924 dila
850 859 906 925 καί
935 855 1081 946 διάφορα
1102 862 1149 948 τῷ
1171 857 1234 946 βίω

155 959 219 1022 τῶν
242 953 429 1044 ἀνθρώπων
452 957 645 1048 ἐπήγγειλαν
665 957 809 1049 χρήσιμα
836 962 920 1027 κατὰ
942 960 998 1050 τὴν
1019 961 1084 1026 τῶν
1106 957 1234 1050 ίστορη·

158 1057 284 1126 σάντων
306 1060 494 1151 μαρτυρίαν.

241 1166 345 1248 Onpnt
367 1168 502 1248 primum
536 1173 568 1231 et
597 1167 732 1233 alterum
763 1167 1055 1234 Euhemeristnrum
1078 1171 1233 1237 rationem

159 1267 325 1334 manifesto
347 1288 425 1351 prae
447 1289 481 1336 ae
503 1268 610 1336 lerunt
624 1275 657 1336 et
673 1271 692 1351 ξ
707 1270 727 1335 3
750 1271 846 1336 etiam
863 1271 964 1351 ipsius
979 1289 1048 1336 cum
1065 1269 1234 1339 Euhemeri

156 1368 194 1434 ir.
207 1372 249 1438 32
262 1373 423 1453 conspirat
437 1371 489 1455 (ci.
503 1391 601 1454 supra
612 1392 642 1455 p.
652 1373 697 1455 5).
713 1373 852 1437 Primum
868 1381 976 1438 autem
993 1379 1090 1454 caput
1101 1372 1234 1439 Christi·

156 1491 217 1538 ano
238 1473 333 1540 alicui
356 1475 498 1541 Graecae
520 1476 753 1557 superstitionis
783 1476 965 1541 insectatori
990 1477 1109 1542 rectius
1132 1476 1233 1541 tribn-

156 1577 217 1641 erit
237 1576 353 1657 aliquis
367 1597 463 1660 quam
487 1578 804 1661 heurematographia
820 1578 1051 1645 Alexandrinis.
1085 1578 1233 1644 Alterum

159 1696 257 1760 aeque
279 1696 316 1745 ac
333 1681 462 1745 tertium
479 1683 657 1747 necessario
673 1681 865 1747 Graecorum
890 1705 926 1744 π.
941 1675 1005 1765 εὕρ.
1024 1680 1114 1747 libris
1131 1681 1234 1746 uindi-

160 1781 261 1846 canda
283 1801 350 1848 esse
373 1783 532 1862 uidentur,
562 1803 634 1848 nam
666 1785 766 1849 maior
796 1801 871 1865 pars
899 1784 1011 1849 horum
1033 1784 1233 1850 inuentorum

158 1883 275 1965 legitur
298 1885 328 1949 in
352 1885 506 1968 catalogis
528 1905 627 1968 snpra
649 1886 815 1966 tractatis;
838 1885 955 1968 quibus
976 1888 1134 1952 accedunt
1157 1906 1232 1952 non·

158 1986 244 2052 nulla
266 1987 452 2055 heuremata
474 2008 556 2055 noua
578 1997 676 2070 atque
698 1990 730 2055 in
747 1989 956 2055 uetustiornm
973 1988 1063 2054 libris
1078 1990 1232 2056 inaudita.

155 2089 258 2155 Valde
281 2092 379 2172 igitur
394 2093 562 2158 dolendum
580 2099 641 2174 est,
663 2093 748 2175 quod
764 2092 815 2158 cni
831 2092 909 2158 haec
924 2092 1056 2158 deberet
1070 2098 1231 2159 auctorem

158 2212 216 2258 non
240 2194 453 2262 nominarerit
475 2196 640 2278 Georgius.

243 2298 366 2364 Deinde
397 2301 428 2364 in
459 2299 707 2366 confusissimum
739 2295 817 2383 περί
846 2291 983 2381 μαγείας
1008 2294 1064 2361 καί
1086 2293 1233 2384 γοητείας

157 2417 331 2466 sermonem
365 2402 493 2481 (Ghron.
525 2402 558 2466 II
586 2403 616 2480 6,
638 2402 760 2483 8-11)
791 2400 967 2482 compluria
997 2390 1184 2466 heuremata
1215 2420 1233 2465 e

157 2501 279 2567 dnobus
301 2501 442 2569 fontibus
465 2505 681 2571 consarcinato
704 2503 847 2569 intexuit.
892 2502 1042 2568 Auctoris
1065 2504 1148 2568 enim
1178 2521 1231 2567 no

157 2602 240 2667 mine
262 2605 414 2671 adnotato
436 2606 605 2688 descripsit

240 2706 287 2773 IV
310 2727 339 2788 p.
363 2709 413 2789 52,
436 2710 563 2775 20-25
595 2710 788 2777 Theodoreti
819 2709 956 2790 catalogi
990 2708 1028 2791 ἐξ
1053 2710 1080 2774 1.
1102 2708 1131 2774 3.
1154 2709 1177 2773 4
1198 2714 1231 2773 et

241 2810 287 2874 VI
310 2831 340 2892 p.
356 2812 408 2893 53,
423 2812 548 2876 24-27
564 2813 706 2878 eiusdem
729 2814 769 2896 ἐξ
793 2816 810 2878 l
834 2819 868 2879 et
889 2813 910 2879 8
933 2810 987 2892 (ci.
1004 2829 1101 2893 supra
1116 2830 1148 2893 p.
1164 2809 1230 2892 60).

155 2913 214 2980 His
236 2921 343 2979 autem
367 2914 520 2980 ambabus
543 2915 688 2997 partibus
710 2915 901 2996 interposuit

239 3017 266 3079 V
295 3036 325 3099 p.
349 3015 400 3099 52,
423 3017 537 3100 25-p.
560 3019 612 3101 53,
634 3018 678 3082 24
706 3023 857 3099 quattuor
886 3017 1017 3084 inuenta
1052 3017 1141 3082 uaria
1169 3035 1232 3081 una

154 3139 225 3187 cnm
247 3121 548 3203 disputatiunculae,
570 3140 652 3204 quae
673 3128 742 3186 erat
764 3120 804 3185 de
825 3121 941 3201 magia,
957 3124 1122 3201 exoerpt0;
1145 3120 1230 3202 quod

155 3227 257 3289 totum
281 3230 379 3305 caput
394 3229 557 3289 mutuatus
580 3230 630 3289 est
652 3243 691 3290 ex
705 3222 834 3291 scholiis
857 3223 888 3286 in
904 3221 1036 3303 Gregor.
1051 3221 1127 3287 Nan.
1143 3228 1231 3288 cata·

154 3325 259 3407 logum
292 3327 436 3408 scriptis,
470 3326 511 3391 de
544 3325 657 3408 quibus
687 3345 784 3409 supra
818 3345 849 3408 p.
872 3325 916 3390 44
942 3325 1015 3389 adn.
1039 3325 1060 3388 2
1090 3325 1232 3390 breuiter

153 3428 301 3496 indicaui.
326 3467 366 3476 -

238 3532 288 3597 Ex
308 3531 369 3598 hoc
390 3526 575 3618 εὑρημάτων
596 3531 747 3596 thesauro
769 3482 802 3595 ii
825 3529 1041 3612 compluribus
1070 3529 1231 3597 codicibus

153 3641 302 3716 excerpta
313 3642 443 3701 exarato
454 3641 537 3701 sunt.
548 3633 648 3699 Totus
662 3639 790 3714 praeter
802 3632 991 3715 caput1(§§
1005 3631 1102 3714 1-6)
1111 3631 1230 3712 legitur

151 3737 183 3802 in
205 3737 345 3820 epitoma
377 3736 545 3816 Olrroac'cc',
573 3753 668 3817 quam
700 3733 876 3815 publicauit
893 3733 1023 3799 Cramer
1049 3734 1082 3800 in
1107 3733 1229 3799 Aaccd.

157 3841 256 3909 Oxou.
273 3842 334 3908 nol.
349 3842 409 3907 IV:
432 3860 463 3923 p.
478 3841 551 3920 239,
567 3840 682 3921 24-p.
704 3839 776 3917 241,
800 3839 850 3902 17.
866 3873 907 3883 -
923 3837 1039 3919 Capita
1051 3838 1094 3904 1L
1109 3836 1167 3902 111.
1183 3835 1229 3900 IV

151 3952 185 4011 et
207 3947 322 4034 capitis
353 3945 381 4009 V
410 3938 475 4033 clip.
489 3951 662 4010 extremum
685 3942 742 4024 (=
764 3941 879 4023 Georg.
900 3960 932 4023 p.
954 3941 1007 4023 53,
1030 3941 1063 4024 l)
1086 3959 1104 4006 ε
1125 3937 1230 4011 tribuo
