2782 4642
665 365 878 430 ,pg-

231 535 365 616 „primi“
388 535 507 600 correxi
530 554 588 616 pro
610 535 797 618 ,‚primum“,
820 541 916 601 autea
938 537 1020 600 enim
1035 535 1180 601 homines
1196 537 1311 618 ungui-

231 638 298 714 bus,
322 639 479 717 dentibus,
502 639 617 721 pugnis
644 657 803 719 pugnasse
836 639 996 704 ueteribus
1018 657 1206 720 persuasum
1229 646 1310 718 erat,

231 739 269 805 cf.
292 741 419 805 Lucret.
443 742 472 806 V
498 742 681 822 1281sqq.;
704 743 781 806 Hor.
805 749 864 805 sat.
888 742 956 818 13,
981 740 1058 820 101;
1083 740 1225 806 Cassiod.
1242 761 1311 806 uar.

229 843 247 906 I
268 844 320 907 30.
342 836 407 927 εὕρ.
429 840 595 907 confirmat
616 842 697 907 Plin.
719 863 749 906 n.
766 844 796 907 lr.
819 843 881 907 VII
904 843 977 908 200.
1000 844 1186 926 Aegyptios,
1220 851 1313 908 ante·

231 963 325 1025 quam
348 964 437 1010 arma
459 945 590 1010 inuenta
605 952 720 1023 essent,
742 943 880 1010 fustibus
896 945 1096 1010 dimieauisse
1111 945 1312 1027 intellegitur

231 1068 269 1113 ex
291 1048 384 1112 Diod.
407 1048 423 1110 Ι
446 1049 497 1122 Ἃ
518 1047 555 1127 3;
577 1046 616 1112 cl.
640 1046 757 1111 Herod.
779 1047 810 1110 ΙΙ
833 1047 875 1111 63
898 1053 930 1110 et
952 1046 997 1110 IV
1021 1046 1091 1126 180,
1114 1048 1143 1112 2.
1166 1085 1209 1093 -

316 1151 335 1233 ξ
358 1150 400 1215 30
422 1155 555 1230 „postea
576 1149 673 1213 Belus
695 1148 834 1229 Neptuni
864 1146 948 1213 filius
970 1149 1076 1227 gladio
1098 1149 1312 1231 belligeratus

232 1258 291 1334 est,
315 1254 399 1316 uude
429 1251 545 1316 bellum
576 1260 625 1315 est
648 1251 798 1316 dictum.“
831 1252 973 1316 Cassiod.
1002 1270 1069 1315 uar.
1092 1252 1112 1315 l.
1135 1251 1155 1315 l·
1179 1261 1313 1333 „postea

231 1356 328 1421 Belus
349 1354 487 1419 ferreum
511 1354 651 1435 gladium
674 1354 796 1434 primus
818 1354 978 1435 produxit,
1008 1372 1028 1417 a
1049 1372 1112 1435 quo
1133 1362 1167 1419 et
1189 1355 1311 1419 bellum

229 1458 352 1539 placuit
367 1457 552 1522 nominari.“
568 1457 751 1522 Vetustiora
766 1457 949 1521 testimonia
966 1475 1026 1520 non
1043 1458 1178 1537 repperi.
1194 1457 1309 1522 Belum

232 1560 283 1627 uel
306 1563 403 1625 Arem
433 1561 519 1642 apud
542 1559 691 1638 Assyrios
714 1559 986 1623 bellicosissimum
1018 1578 1124 1641 regem
1156 1567 1190 1624 et
1213 1561 1310 1624 deum

231 1665 350 1727 cultum
383 1681 453 1728 esse
487 1662 585 1727 refert
616 1663 721 1726 Ioann.
747 1661 820 1726 Ant.
851 1659 887 1726 ir.
912 1661 942 1726 5.
972 1661 1173 1744 Etymologia
1196 1663 1312 1727 addita

232 1767 408 1831 Romanum
430 1766 539 1846 prodit
561 1770 733 1829 auctorem.
756 1801 797 1810 -

642 1919 725 2002 Hyg.
747 1917 810 1984 lab.
835 1919 906 1984 277.

317 2023 419 2104 §31³
449 2023 589 2103 „Parcae
621 2021 734 2087 Clotho
765 2023 915 2087 Lachesis
945 2025 1085 2103 Atropos
1120 2021 1312 2088 inuenerunt

232 2126 358 2190 litteras
390 2125 529 2190 Graecas
559 2131 679 2205 septem
700 2124 721 2206 †
745 2125 972 2208 ABHT1Y†.“
1017 2121 1229 2190 Difficillimus
1264 2132 1314 2191 est

232 2228 398 2293 intellectu
428 2228 524 2293 locus.
565 2228 682 2292 Parcas
715 2229 798 2293 enim
828 2247 982 2310 nusquam
1005 2232 1182 2307 praeterea,
1215 2247 1254 2292 ne
1277 2230 1309 2292 in

232 2331 457 2413 copiosissimis
479 2331 617 2412 quidem,
640 2349 721 2410 quae
743 2331 782 2394 de
805 2333 865 2396 hac
887 2331 1023 2396 materia
1042 2335 1176 2408 exstant,
1202 2349 1312 2394 narra-

234 2432 383 2511 tionibus,
405 2434 488 2498 inter
512 2433 692 2498 litterarum
722 2435 904 2498 incentores
926 2434 1100 2499 recensitas
1124 2433 1199 2497 uidi.
1233 2432 1311 2496 For-

233 2542 317 2611 tasse
349 2536 482 2616 cogitari
514 2536 616 2618 possit
647 2537 686 2600 de
717 2536 837 2601 Fatis
874 2535 1132 2602 Scribundis.
1175 2535 1313 2600 Romani

233 2639 315 2702 enim
349 2638 407 2701 bas
440 2638 517 2702 deas
545 2636 707 2719 fingebant
737 2656 805 2703 esse
833 2639 988 2717 librarios,
1017 2657 1099 2720 quae
1130 2637 1249 2702 iudicia
1272 2656 1310 2703 ac

234 2741 362 2804 numina
384 2742 511 2804 deorum
537 2739 653 2805 litteris
676 2744 873 2807 mandarent.
897 2742 991 2804 Mart.
1015 2739 1122 2822 Gapl
1146 2739 1187 2805 65
1209 2759 1240 2822 p.
1259 2740 1310 2822 19,

233 2846 252 2910 8
275 2844 384 2924 Eyss:
407 2841 541 2923 „Clotho
565 2862 639 2908 uero
662 2843 812 2930 Lachesis
836 2843 1045 2923 Atroposque,
1068 2843 1217 2923 quoniam
1239 2861 1311 2906 sen-

236 2947 355 3011 tentias
370 2944 456 3010 louis
472 2945 708 3027 orthograpbae
724 2946 829 3011 studio
844 2947 991 3010 ueritatis
1006 2946 1175 3027 excipiunt,
1198 2952 1312 3027 utpote

233 3050 442 3113 librariae
465 3066 612 3129 superum
640 3049 835 3129 archiuique,
866 3067 935 3112 cum
960 3054 1103 3114 senatum
1126 3048 1312 3129 curiamque

234 3151 378 3216 contrahi
402 3157 433 3216 et
455 3151 558 3230 ipsum
581 3151 754 3216 Tonantem
778 3153 900 3217 exuuiis
922 3153 1077 3218 indusiari
1101 3151 1227 3232 publice
1243 3169 1311 3215 cer-

233 3262 350 3333 nerent,
372 3259 500 3318 senatus
533 3255 565 3317 in
596 3262 669 3318 acta
699 3254 947 3335 caelestiumque
974 3254 1150 3319 consultum
1180 3253 1312 3319 stilos

232 3362 389 3421 acuunt
411 3374 614 3437 cerasque
636 3359 925 3439 componunt“;
950 3356 1131 3422 cl.l.l.l89
1146 3357 1240 3439 pec,
1256 3355 1308 3450 193

232 3459 338 3524 Pacat.
370 3478 480 3539 paneg.
513 3459 666 3526 Theodos.
699 3460 738 3525 18
761 3460 887 3540 pati,
912 3460 951 3525 18
974 3460 1108 3538 Baehr.;
1139 3477 1177 3523 ac
1200 3466 1309 3525 notum

233 3570 292 3643 est,
315 3562 471 3642 quomodo
494 3561 629 3625 Ouidius
652 3569 726 3627 met.
741 3561 800 3626 XV
816 3562 878 3629 808
894 3581 962 3644 sqq.
987 3562 1180 3627 tabularium
1204 3582 1310 3627 rerum

233 3665 445 3747 descripserit,
469 3667 553 3746 quod
577 3673 626 3729 est
650 3665 681 3728 in
704 3667 797 3730 tectis
821 3667 915 3729 trium
940 3664 1123 3748 Parcarum,
1145 3664 1199 3730 ubi
1222 3665 1310 3730 inue-

233 3769 362 3833 niuntur
386 3767 504 3848 „incisa
526 3768 696 3832 adamante
717 3769 846 3851 perenni
870 3767 958 3832 lata“
981 3767 1142 3833 hominum
1156 3770 1197 3850 ¹).
1227 3769 1312 3833 Hinc

322 3909 351 3987 l)
374 3908 469 3966 Locos
490 3904 564 3963 mihi
596 3906 833 3967 subministrauit
854 3907 1032 3966 Klausenius
1053 3905 1207 3971 Zeitscbr.
1230 3906 1256 3990 f.
1281 3906 1311 3970 d.

234 3991 494 4059 Alteriumswiss.
519 3995 599 4049 1840
623 4012 651 4067 p.
676 3997 736 4050 aad
753 4013 796 4072 sq.
