2782 4642
544 365 756 432 ..53-

197 534 236 617 66
258 535 301 602 66
316 552 362 617 sq.
393 526 668 619 »Ἀπολλόδωρος
697 534 734 601 δὲ
755 530 774 599 ό
796 538 951 620 Κυμαῖος
980 533 1113 620 πρίτος
1133 559 1191 601 τοι

114 635 348 723 (γραμματικοῦ
369 629 443 703 άντί
472 637 540 724 τοὶ)
569 640 719 725 κριτικοῦ
747 633 939 726 εἰσηγήσατο
968 632 1112 722 τοόνομα
1134 635 1191 702 καί

47 824 55 831 .
112 736 337 824 γραμματικός
358 736 617 827 προσηγορεύθη.
649 735 730 806 ἔνιοι
753 739 790 806 δὲ
807 733 1022 827 Ἐρατοσθένη
1043 736 1099 804 τὸν
1123 745 1190 806 Κυ-

114 837 244 928 ρηναῖόν
266 860 378 927 φασιν,
409 840 524 908 ἐπειδί
557 840 714 925 ἐξέδωκεν
737 835 832 920 οὗτος
853 838 967 926 βιβλία
990 837 1056 923 δύο,
1087 863 1189 928 γραμ-

113 942 234 1027 ματικά
265 939 478 1033 ἐπιγράψας·
510 939 692 1031 ὠνομάσθη
723 944 760 1010 δέ
788 940 1032 1034 γραμματικός,
1064 939 1109 1023 ὡς
1138 950 1192 1011 νῦν

114 1038 323 1131 ὀνομάζομεν,
348 1046 484 1136 πρῶτος
512 1043 730 1136 Πραξιφάνης
752 1043 1020 1134 Διονυσοφάνους
1044 1049 1192 1134 Μυτιλη-

114 1152 236 1226 ναῖος.“

196 1254 300 1336 §66⁸
323 1254 423 1319 lucem
440 1252 547 1319 adfert
563 1254 768 1334 Theodosius,
791 1253 933 1335 Dionysii
957 1254 1032 1318 Thr.
1056 1253 1191 1319 scholia·

113 1361 161 1420 sto
176 1355 325 1438 (Prelleri
336 1355 515 1438 Aufsaetae
531 1375 562 1437 p.
578 1357 653 1437 88):
677 1353 747 1436 „To
762 1351 922 1440 πρότερον
938 1353 975 1420 δὲ
990 1350 1024 1443 (ἡ
1038 1378 1188 1440 γραμμα-

113 1454 197 1545 τικὴ)
227 1455 355 1546 κριτικὴ
384 1454 510 1542 ἐλέγετο
546 1456 603 1523 καί
634 1453 665 1522 oi
702 1453 818 1543 ταύτην
848 1453 1014 1541 μετιόντες
1042 1454 1192 1543 κριτικαί.
1277 1545 1279 1549 ⁴

112 1553 317 1646 Αὐτόδωρος
351 1557 390 1626 δέ
425 1583 477 1637 τις
506 1562 660 1642 Κυμαῖος
691 1556 962 1646 συγγραψάμενος
993 1557 1101 1641 Λόξιν
1132 1558 1193 1626 ἒπ-

113 1661 272 1751 ἑγραψεν·
301 1655 497 1748 Αίτοδάρου
518 1665 744 1747 γραμματικοῦ
766 1661 899 1743 Λέξεις,
924 1660 982 1727 καί
1012 1660 1048 1727 ἐκ
1077 1658 1192 1728 τούτου

113 1765 196 1831 ποτὲ
217 1760 234 1828 δ
258 1763 383 1851 κριτικί
405 1763 462 1829 καί
484 1764 691 1853 γραμματικὴ
721 1761 870 1830 λέλεκται
891 1762 949 1829 καί
969 1764 1191 1850 γραμματικοί

114 1864 143 1933 oi
164 1863 283 1955 ταύτην
305 1864 504 1953 μετιόντες.“
547 1868 616 1946 Quo
638 1869 705 1935 loco
732 1869 865 1934 eundem
888 1869 1045 1934 hominem
1070 1866 1192 1950 signifi·

115 1971 178 2037 cari
200 1976 297 2052 atque
324 1973 418 2054 apud.
442 1971 540 2037 (ilem.
563 1972 625 2036 iarn
650 1972 849 2036 Burmannus
879 1970 999 2036 Volusii
1019 1970 1193 2037 Emendat

114 2079 143 2139 et
162 2072 217 2139 De
240 2075 308 2140 crit.
332 2074 416 2141 1740
439 2094 468 2156 p.
494 2073 556 2139 146
578 2074 651 2141 adn.
674 2074 818 2155 coniecit,
849 2073 947 2139 uariis
977 2075 1060 2138 enirn
1089 2075 1193 2140 modis

115 2181 266 2257 corrupta
287 2176 422 2241 nominis
444 2176 548 2242 forma
571 2176 603 2240 in
625 2177 761 2242 diuersis
783 2176 851 2241 cod.
872 2174 1006 2241 fluctuat
1028 2174 1082 2259 (cf.
1107 2176 1193 2242 Prel-

114 2279 167 2345 ler.
190 2277 210 2343 l.
233 2277 253 2344 l.
275 2279 348 2343 adn.
371 2278 426 2363 11)
449 2285 483 2345 st
504 2278 677 2345 Clementis
692 2278 820 2361 quidem
844 2279 1035 2360 scripturam
1052 2284 1192 2345 testatur

114 2380 299 2446 Theodorus
321 2380 415 2446 Prod.
438 2379 477 2447 of.
500 2380 583 2447 inira
605 2402 637 2465 p.
660 2384 711 2449 63.
757 2382 940 2447 Mutilatnm
963 2389 1070 2447 autem
1094 2380 1192 2447 Olern.

114 2489 237 2550 textum
265 2503 303 2548 ex
333 2484 453 2549 scholio
483 2484 503 2550 l.
529 2484 670 2564 Meier1)
700 2484 871 2567 suppleuit.
923 2483 973 2548 De
1000 2483 1192 2566 Apollodoro

115 2584 203 2653 (lurn.
228 2585 307 2650 nihil
330 2587 411 2652 certi
433 2586 559 2652 scimus.

198 2688 217 2770 ἓ
240 2686 301 2754 66¹>
322 2686 417 2753 fidem
439 2688 613 2770 adiungere
635 2688 762 2755 uidetur
784 2688 908 2766 Suidas,
929 2689 984 2770 qui
1006 2706 1031 2753 s.
1056 2707 1085 2753 u.
1104 2680 1191 2774 Ἐρα-

114 2786 275 2874 τοσθένης
303 2806 433 2871 operum
463 2791 531 2855 eins
566 2809 729 2856 recensum
760 2790 848 2856 hisce
879 2790 985 2856 uerbis
1015 2790 1192 2856 concludit:

110 2936 131 2974 ‹‚‚
146 2943 155 2959 .
171 2940 206 2957 ..
228 2888 308 2976 περὶ
338 2883 496 2972 άλυπίας,
532 2887 703 2975 διαλόγους
734 2891 790 2958 καί
819 2892 1028 2978 γραμματικά
1061 2887 1191 2971 συχνά.“

113 2995 300 3062 Rectissime
322 3000 428 3060 tomen
450 2995 678 3078 Bernhardyus
692 2995 857 3062 Eratostlo
875 2995 958 3062 1822
980 3015 1011 3077 p.
1026 2996 1057 3060 X
1071 2995 1193 3060 monuit

113 3096 359 3163 Eratosthenem
383 3115 442 3161 non
466 3096 620 3179 peculiari
634 3116 729 3180 opere
753 3099 792 3162 de
815 3099 1024 3179 grammatica
1046 3098 1191 3179 disputa·

113 3201 207 3281 usse,
236 3217 330 3280 quam
360 3199 400 3265 ob
431 3217 559 3266 causam
593 3200 725 3268 coniecit
753 3201 784 3265 in
816 3201 997 3266 narratione
1020 3199 1193 3265 Clementis

202 3408 232 3483 1)
263 3407 448 3466 MHEMeier
482 3404 595 3487 Opuso.
618 3406 710 3471 acad.
737 3409 782 3468 ed.
798 3408 951 3467 Eolrstoin.
974 3413 1005 3466 et
1028 3408 1137 3467 Haase.
1159 3409 1193 3466 11

119 3496 198 3550 1863
221 3511 252 3568 p.
278 3496 315 3550 19
340 3512 369 3554 n.
394 3497 433 3552 54
456 3493 505 3571 (cf.
529 3513 558 3569 p.
583 3497 622 3551 22
646 3514 676 3552 n.
701 3493 770 3570 80);
800 3495 877 3574 quod
906 3500 1005 3553 autem
1037 3494 1194 3573 sequentia

114 3577 262 3653 corrigere
285 3578 381 3637 uoluit
403 3575 496 3652 „ivnon
529 3574 560 3637 ti
587 3571 787 3654 Ἐρατοσθένη
817 3571 870 3636 τόν
894 3574 1069 3656 Κυρηναῖόν
1091 3594 1191 3652 φασιν,

116 3655 218 3738 ἐπειδὴ
252 3658 396 3732 ἐξέδωκεν
434 3650 522 3732 οὗτος
555 3661 654 3740 βιβλία
687 3660 757 3738 δυό,
796 3657 983 3744 γραμματικά
1022 3659 1192 3742 ἐπιγράψας

120 3742 312 3831 (ὠνομάσθαι
334 3741 431 3818 οίίτοος
452 3744 615 3831 πρῶτον)“,
645 3770 705 3808 non
727 3753 839 3828 probo;
869 3768 936 3809 nam
959 3749 1192 3808 additamentum

115 3833 203 3910 pleno
225 3834 409 3910 superfluum
432 3840 484 3907 est,
508 3855 573 3894 oum
597 3854 636 3895 ex
651 3838 836 3896 antecedenti
859 3834 1012 3894 enuntiato
1033 3833 1192 3914 unusquis·

116 3938 174 3998 que
195 3919 337 3980 facillime
360 3920 497 3997 suppleat
518 3914 741 3999 ,,γραμματιιιόν
762 3921 1072 4000 προσαγορευθῆναιίί.
