2782 4642
685 378 896 447 ..92-

254 545 402 612 matioum
425 545 544 613 iontem
568 550 726 629 quadrant
747 549 956 632 etymologiae
978 549 1008 614 in
1031 549 1226 614 heurematis
1241 550 1332 615 adla-

254 656 324 715 tae:
355 649 394 716 ct
420 657 549 732 praeter
580 653 661 717 duas
683 651 750 717 loco
773 653 980 734 transscripto
1003 650 1161 716 exhibitas
1196 670 1265 716 nar.
1287 652 1333 718 Vl

256 753 294 819 18
316 753 375 832 „de
397 753 483 820 Pane
505 754 615 834 panis‘
645 760 678 819 et
702 754 825 819 v1132
854 754 1006 835 „pecunia
1036 755 1076 818 de
1105 755 1246 834 pecude“
1276 752 1331 835 (oi.

254 874 351 937 supra
380 875 411 937 p.
435 856 478 921 36
496 857 567 938 sq.).
599 856 744 934 Accedit,
777 857 861 937 quod
894 856 1086 923 cassiodorii
1118 855 1331 936 inuenturum,

254 974 335 1037 quae
357 959 443 1039 apud
468 959 629 1040 Hyginum
660 959 784 1038 desunt,
816 976 876 1023 non
908 977 1010 1040 pauca
1032 959 1146 1024 ceteris
1175 957 1333 1038 catalogis

254 1059 477 1126 heurematicis
501 1097 539 1106 -
565 1061 634 1127 dico
649 1059 900 1126 Christianorum
922 1069 956 1125 et
978 1059 1073 1126 Plinii
1096 1093 1136 1104 -
1160 1059 1334 1126 adfirman-

254 1166 316 1242 tur,
339 1181 402 1244 qua
424 1181 458 1227 re
480 1162 591 1228 similis
612 1165 702 1247 origo
724 1164 891 1229 indicatur.

338 1264 462 1330 Deinde
485 1265 677 1332 Cassiodorii
708 1266 893 1331 heuremata
921 1264 1100 1347 Hyginiano
1124 1265 1271 1346 catalogo
1293 1284 1333 1330 ea

254 1386 288 1432 re
311 1367 513 1448 respondent,
546 1369 630 1450 quod
662 1369 746 1449 apud
778 1367 1010 1433 Cassiodorium
1033 1384 1158 1450 quoque
1181 1366 1334 1432 nonnulla

253 1469 543 1551 deprehenduntur,
573 1488 654 1550 quae
686 1489 705 1534 a
736 1471 876 1534 Romano
907 1470 1014 1551 aliquo
1036 1475 1165 1535 auctore
1189 1469 1334 1535 Graecae

254 1572 416 1637 doctrinae
444 1572 557 1636 addita
587 1591 657 1638 esse
688 1580 822 1655 apparet
845 1571 896 1652 (cl.
920 1589 1018 1653 supra
1039 1590 1069 1653 p.
1095 1571 1160 1654 81).
1204 1571 1333 1636 Etenim

255 1673 563 1756 quoduar.11151
588 1676 725 1759 legitur:
756 1674 900 1756 „Primus
929 1673 1157 1755 (spectaculum
1181 1691 1333 1738 curruum

254 1777 494 1859 agitandorum)
518 1827 525 1841 .
549 1827 556 1842 .
581 1827 588 1842 .
611 1779 789 1843 Oenomaus
810 1775 915 1841 fertur
937 1777 1085 1854 edidisse,
1109 1777 1193 1857 quod
1217 1780 1334 1856 postea

254 1878 449 1945 Romulus
471 1878 503 1943 in
526 1888 620 1961 raptu
643 1878 902 1945 Sabinarum...
937 1878 1111 1943 ostentauit
1132 1876 1334 1958 Italiae“,

254 2000 358 2047 nonne
381 1999 511 2063 prorsus
526 1983 663 2064 quadrat
678 1983 719 2046 ad
736 1981 818 2063 Hyg.
834 1981 853 2064 ξ
874 1980 932 2045 27:
955 2030 991 2060 „.
1007 2029 1015 2043 .
1031 2030 1039 2044 .
1055 1982 1139 2062 quod
1155 1980 1333 2062 exemplum

256 2082 351 2148 hodie
373 2084 540 2149 Romani
564 2085 738 2149 seruant‘?
761 2084 1066 2150 nudasuar.vt15
1087 2082 1245 2163 „fabricas
1267 2083 1334 2165 pri·

257 2204 341 2249 mum
360 2185 513 2268 Cyclopes
529 2188 735 2253 dicuntur...
751 2186 782 2251 in
799 2186 882 2252 Sici
893 2188 903 2250 1
915 2188 953 2251 ia
969 2186 1147 2252 condidisse
1158 2236 1165 2250 .
1176 2205 1202 2263 .;
1217 2235 1244 2251 ..
1260 2185 1335 2249 inde

254 2289 295 2352 ad
312 2288 483 2354 Italiam
501 2288 675 2356 fabricandi
686 2289 801 2372 peritia
813 2290 932 2369 legitur
943 2289 1039 2354 luisse
1056 2288 1249 2366 translata“;
1266 2306 1333 2351 uar.

255 2391 316 2454 Vll
340 2391 380 2455 15
403 2391 545 2473 „Tusci
576 2393 720 2458 statuas‘
752 2391 804 2474 (ci.
835 2411 916 2473 quae
945 2410 1042 2472 supra
1071 2410 1102 2472 p.
1129 2392 1165 2453 11
1196 2391 1237 2455 ad
1262 2389 1335 2454 Tat.

255 2494 274 2576 ἓ
298 2495 334 2559 11
360 2494 543 2575 adnotani);
563 2513 631 2558 nar.
655 2494 781 2561 v1132
804 2502 979 2576 „monetam
1003 2493 1215 2559 Seruius“.

342 2596 422 2661 'lum
446 2615 484 2660 ex
506 2597 547 2661 22
577 2597 715 2662 inuentis
737 2597 927 2664 cassiodorii
958 2614 1068 2661 nouem
1097 2613 1168 2661 cum
1197 2595 1237 2661 iis
1260 2612 1333 2659 con-

254 2700 386 2781 spirant,
409 2717 491 2780 quae
521 2700 552 2764 in
576 2699 693 2783 Hygini
725 2700 899 2767 enchiridio
921 2699 1127 2778 exhibentur;
1157 2696 1334 2763 excuteris

257 2808 364 2873 autem
398 2803 461 2867 duo
491 2801 622 2867 inuenta
651 2823 721 2869 cum
755 2803 878 2868 duobus
900 2802 1015 2884 prioris
1039 2800 1151 2867 classis
1173 2797 1333 2864 artissime

255 2904 422 2970 coniuncta
444 2903 610 2985 leguntur:
635 2924 702 2971 uar.
718 2905 762 2970 Vl
781 2906 819 2971 18
842 2905 914 2987 „Sic
929 2905 1023 2971 Ceres
1039 2903 1199 2968 frumenta
1214 2901 1332 2966 dicitur

255 3006 411 3072 inuenisse
424 3007 464 3089 1);
506 3007 572 3072 Pan
595 3014 700 3072 autem
725 3009 846 3089 primus
869 3024 1056 3090 consparsas
1077 3006 1185 3084 fruges
1208 3004 1330 3069 coxisse

254 3108 440 3188 perhibetur
456 3157 464 3173 .
480 3161 488 3175 .
503 3114 546 3191 .“;
569 3110 707 3191 itemque
729 3128 795 3175 uar.
811 3110 839 3175 V
863 3111 902 3174 11
925 3110 957 3174 in
981 3110 1091 3174 eadem
1107 3105 1242 3189 epistola
1258 3123 1330 3170 nar·

142 3215 144 3217 ’
255 3217 367 3276 rantur
388 3210 522 3278 uelificia
545 3212 585 3279 ab
608 3212 692 3276 Iside
715 3210 772 3295 (=
787 3213 868 3295 Hyg.
885 3215 903 3295 ξ
918 3212 975 3295 31)
998 3221 1030 3277 et
1053 3210 1191 3276 triremis
1213 3208 1254 3273 ab
1270 3211 1330 3272 Ar·

255 3314 402 3395 gonautis
423 3312 554 3381 inuenta
575 3333 653 3380 esse.

341 3417 485 3499 Denique
506 3423 540 3484 et
569 3417 786 3484 Cassiodorius
816 3423 849 3482 et
878 3417 1023 3502 Hyginus
1045 3415 1099 3498 qui
1121 3414 1239 3481 dicitur
1261 3430 1330 3478 cor·

347 3694 376 3770 l)
399 3695 442 3754 (ll.
459 3695 538 3773 Hyg.
556 3693 572 3774 5
597 3700 651 3765 26;
674 3695 731 3754 hoc
745 3714 816 3753 uero
832 3693 1008 3754 Cassiodorii
1025 3689 1227 3750 testimonium
1242 3708 1330 3764 supra

256 3781 285 3838 in
305 3782 520 3840 commentario
551 3801 615 3839 meo
645 3782 759 3838 adferre
782 3781 873 3852 nolui,
908 3780 978 3859 quia
1000 3776 1202 3838 Cassiodorius
1224 3775 1328 3844 locum,

255 3866 306 3923 ubi
328 3866 462 3925 inuentio
484 3867 562 3926 iacta
584 3874 669 3939 esset,
701 3867 843 3925 adnotare
865 3865 972 3938 omisit,
1002 3865 1053 3943 qui
1077 3864 1108 3920 in
1130 3864 1188 3921 hoe
1211 3861 1328 3941 quidem

255 3949 379 4011 inuento
401 3953 506 4012 summi
529 3954 669 4013 momenti
693 3959 745 4012 ast.
