2782 4642
584 315 795 382 „28-

239 504 322 581 Quid
345 523 420 570 uero
443 503 646 570 iudicandum
680 512 731 570 est
761 507 801 569 de
824 503 996 570 Clementis
1027 502 1134 568 uerbis
1156 494 1232 582 „ori-

154 603 297 686 τόχθονα
329 603 408 691 πρὶν
435 603 482 683 εἷς
505 601 683 690 Αἴγυπτον
705 601 889 693 ἀφικέσθαι
919 602 975 692 τὴν
993 598 1088 670 'lu'“?
1133 605 1229 687 Apud

155 709 327 775 Eusebium
342 712 371 787 1)
393 709 486 788 enim,
517 729 536 774 a
566 729 628 792 quo
652 718 753 774 totum
776 709 948 776 Clementis
972 708 1152 789 catalogum
1177 727 1231 771 ex-

154 814 308 894 scriptum
332 829 402 877 esse
417 810 501 877 infra
516 812 644 891 docebo,
667 813 889 877 desiderantur
906 811 983 874 baec
998 810 1106 887 uerba,
1130 828 1231 892 neque

155 915 323 996 quicquam
346 914 378 977 in
395 915 463 979 eius
479 915 658 979 narratione
673 913 846 994 requiritur
861 932 962 994 neque
979 912 1044 977 ulla
1059 918 1108 977 est
1123 930 1230 990 causa,

157 1035 214 1082 cur
235 1018 401 1081 credamus
423 1017 592 1082 Clementis
616 1016 714 1081 uerba
735 1016 791 1080 illa
813 1023 869 1080 aut
886 1015 1016 1080 consilio
1038 1033 1057 1077 a
1080 1015 1229 1096 compila-

155 1126 222 1182 tore
245 1120 363 1184 omissa
385 1137 454 1185 esse
476 1126 533 1184 ant
562 1138 637 1184 casu
666 1120 697 1183 in
721 1118 849 1185 Eusebii
879 1118 1038 1183 codicibus
1069 1118 1231 1183 excidisse.

154 1222 254 1286 Immo
286 1223 317 1286 in
340 1222 511 1288 Clementis
540 1222 622 1286 libro
652 1228 765 1304 postea
787 1221 950 1301 adscripta
972 1239 1040 1285 esse
1063 1221 1229 1284 uidentur:

154 1342 226 1389 nam
249 1343 346 1388 unum
370 1323 512 1390 efficiunt
535 1332 725 1402 contextum,
747 1342 784 1389 ac
799 1322 891 1388 facile
907 1322 1112 1402 intellegitur,
1135 1340 1228 1402 quam

154 1427 194 1492 ob
217 1427 387 1504 causam2)
410 1427 523 1492 addita
545 1428 618 1492 sint.
662 1427 709 1490 Eo
730 1425 852 1490 scilicet
874 1424 1013 1502 consilio,
1037 1431 1072 1489 ut
1095 1425 1230 1506 Apidem

155 1546 224 1593 esse
246 1530 427 1611 indigenam
440 1532 469 1612 ⁸)
499 1531 690 1610 Aegyptium
721 1536 818 1609 atque
842 1527 1011 1592 barbarum
1034 1527 1152 1592 diserte
1174 1529 1230 1591 ad·

153 1629 343 1711 firmaretur,
366 1651 404 1697 ne
427 1632 498 1712 quis
520 1650 592 1696 eum
608 1629 812 1695 confunderet
833 1637 975 1694 autenm
992 1630 1096 1710 Apide
1112 1631 1231 1710 Argiuo

156 1903 248 1984 πέρας
294 1907 558 1977 Ναυπακτίας
604 1902 871 1986 ἰατρόμαντις
915 1910 985 1976 ταῖς
1023 1898 1230 1976 Ἀπόλλωνος’

96 2000 99 2004 ’
160 1994 339 2068 Argiuorum
362 1996 477 2053 fines
499 1994 703 2070 expiauit?
733 2028 775 2037 —
805 1996 962 2053 Praeterea
983 1993 1090 2052 Suidae
1112 1993 1233 2052 editori·

156 2080 212 2136 bus
227 2080 396 2154 scrupulum
413 2081 514 2152 mouit,
538 2082 616 2160 quod
632 2101 654 2139 s.
671 2101 699 2140 u.
717 2067 805 2149 Ἆπις
827 2081 936 2153 legitur
957 2075 1018 2152 „rig
1039 2071 1093 2152 τὴν
1106 2071 1231 2135 Ἑλλάδα

155 2164 347 2238 μετακομίσαι
374 2162 520 2242 λέγεται“;
552 2167 610 2225 hoc
633 2174 730 2224 autem
761 2166 969 2241 praedicatum,
1001 2166 1079 2242 quod
1113 2164 1230 2236 dicitur,

153 2248 258 2307 Suidas
279 2248 343 2325 ipse
366 2252 414 2309 uel
442 2252 639 2327 interpolator
662 2252 778 2325 Suidae,
808 2271 873 2310 cum
898 2245 1053 2328 γράμματα
1075 2249 1229 2308 lemmatos

156 2335 395 2410 explanationem
419 2338 450 2394 in
473 2339 544 2396 duas
566 2345 665 2413 partes
688 2338 886 2408 distribueret,
910 2356 948 2393 ex
964 2336 1127 2409 enuntiato,
1150 2332 1229 2414 quod

153 2421 312 2498 antecedit,
342 2414 413 2493 „triv
448 2416 569 2495 Κάδμον
592 2420 665 2496 φασὶ
698 2425 817 2499 πρῶτον
839 2417 887 2500 (τα
909 2415 1079 2499 γράμματα)
1109 2417 1151 2488 εἰς
1173 2415 1227 2494 τὴν

150 2498 192 2565 'a
214 2507 353 2581 κομίσαι“
384 2509 549 2583 suppleuit,
586 2529 753 2589 quanquam
777 2509 905 2568 seribere
935 2508 1038 2567 debuit
1067 2526 1106 2565 ex
1131 2506 1226 2581 primo

155 2593 326 2651 enuntiato:
348 2590 511 2671 ,,ἐξεῦρεν“.

243 2679 272 2755 l)
295 2679 414 2738 Ceteros
430 2732 432 2736 .
451 2681 611 2739 Clementis
653 2679 858 2753 compilatores
901 2677 1121 2754 praetermitto,
1159 2679 1230 2755 quia

154 2765 251 2822 obiter
272 2770 386 2822 tantum
411 2765 625 2823 Clementinam
647 2765 845 2824 narrationem
869 2769 1090 2839 excerpserunt.

241 2850 273 2923 2)
295 2850 363 2907 Non
386 2851 479 2924 probo
503 2852 679 2910 sententiam
696 2851 894 2922 Brusskernii,
917 2851 967 2930 qui
991 2857 1025 2907 ut
1046 2849 1229 2908 additamen-

101 2949 104 2954 '
157 2941 218 2993 tum
249 2934 321 2993 illud
354 2935 526 3011 explicaret,
556 2957 585 3011 p.
614 2942 652 2993 36
681 2937 807 2994 coniecit
828 2939 930 2994 Ionem
962 2954 1025 2994 esse
1054 2934 1231 3010 intellegen-

156 3021 221 3077 dam
244 3039 420 3097 eponymam
444 3021 638 3081 inuentricem
662 3023 714 3095 τῆς
736 3017 869 3097 ἰατρικῆς
898 3040 1021 3100 eamque
1052 3022 1089 3078 ob
1112 3040 1230 3080 causam
1285 3086 1288 3092 ,

156 3106 230 3164 dici:
262 3113 419 3185 antequam
452 3108 486 3166 Io
515 3109 545 3165 in
581 3113 749 3184 Aegyptum
768 3109 954 3183 aduenisset,
984 3106 1160 3165 medicinam
1186 3107 1229 3164 ibi

154 3193 191 3249 ab
214 3193 312 3266 apide
344 3192 435 3250 fuisse
457 3200 612 3269 repertam.
665 3192 751 3251 Tales
782 3192 861 3250 enim
890 3193 1063 3269 eponymias
1093 3192 1229 3271 equidem
1307 3192 1309 3198 ’

155 3296 300 3356 nusquam
337 3278 519 3353 deprehendi
551 3299 648 3358 neque
678 3278 739 3336 ullo
772 3280 859 3337 modo
889 3298 905 3336 e
936 3279 1095 3337 Clementis
1128 3276 1229 3336 uerbis

154 3363 184 3420 id
216 3362 282 3421 elici
312 3370 419 3438 potest,
443 3367 520 3444 quod
557 3364 770 3423 Brusslrernius
799 3365 903 3422 uoluit.
958 3362 1134 3442 Quanquam
1168 3383 1228 3422 non

154 3449 260 3522 ignoro
286 3448 388 3507 Ionem
412 3458 442 3510 et
465 3451 583 3523 isidem,
613 3469 689 3528 qnae
713 3450 831 3528 quidem
854 3450 989 3507 modendi
1014 3450 1068 3508 dea
1089 3456 1143 3521 est,
1166 3467 1228 3506 eas-

156 3534 221 3592 dem
245 3534 405 3608 perhiberi.

243 3618 275 3696 3)
298 3613 480 3696 Αὕτόχθονα
512 3640 571 3678 non
603 3638 722 3679 necesse
754 3628 799 3679 est
827 3621 1059 3695 interpretemur
1079 3619 1229 3677 hominem

154 3706 220 3782 ipsa
242 3724 258 3763 e
280 3706 385 3765 tellure
408 3707 574 3776 oriundum,
607 3708 656 3764 sed
689 3706 837 3781 significat
869 3707 956 3765 etiam
987 3705 1158 3781 indigenam
1181 3705 1230 3763 uel

154 3791 289 3866 incolam,
321 3792 368 3852 cui
391 3795 505 3852 aduena
527 3793 701 3868 peregrinus
724 3797 908 3870 opponetur:
932 3792 968 3852 cf.
992 3791 1072 3850 Suid.
1095 3812 1117 3849 s.
1141 3783 1230 3848 αὐτό-

154 3882 269 3954 χθονες.
