2782 4642
590 347 782 410 ..2-

151 507 338 600 εὑρημάτων
368 516 549 598 compositis
581 518 703 584 diserta
733 518 915 585 testimonia
937 517 1092 596 tribuunt,
1124 523 1230 582 tamen

151 624 280 684 exstant
309 619 398 698 apud¹
425 619 618 684 recentiores
648 620 789 687 Graecos
817 621 1039 701 Romanosque
1062 619 1232 700 scriptores

152 729 185 786 et
206 721 237 784 in
261 722 485 786 anecdotorum
508 721 669 804 farragine
691 741 750 788 non
766 722 860 804 pauci
882 721 1019 801 catalogi
1035 716 1232 806 εὑρημάτων,

151 824 205 905 qui
228 825 269 886 ad
292 823 509 903 quaestionem
541 826 581 888 de
610 827 727 889 studiis
750 832 893 891 ueterum
916 825 1144 889 heurematicis
1167 825 1231 887 dis·

152 925 341 1004 ceptandam
372 925 446 1007 quin
476 925 689 991 adhibeantur
717 925 785 991 fieri
816 946 877 992 non
909 931 1023 1007 potest.
1067 926 1134 990 Hos
1157 944 1232 989 uero

152 1026 312 1108 catalogos
350 1027 580 1092 Brusskeroius
617 1028 660 1112 (p.
694 1029 835 1109 23-30)
865 1036 898 1094 et
936 1027 1154 1094 Eichholtzius
1185 1029 1232 1108 (p.

152 1129 277 1210 4-24)
309 1147 410 1210 neque
443 1137 572 1195 cunctos
610 1131 815 1213 conlegerunt
846 1148 946 1210 neque
976 1131 1055 1194 satis
1083 1138 1232 1196 accurate

152 1237 367 1296 excusserunt.
411 1232 521 1296 Denuo
551 1232 650 1314 igitur
681 1235 713 1297 id
745 1251 861 1298 munus
882 1233 1120 1311 suscipiendum
1143 1238 1232 1296 ratus

153 1334 212 1397 hoc
233 1335 434 1414 potissimum
457 1334 534 1398 mihi
557 1337 717 1417 proposui,
741 1341 777 1399 ut
799 1337 830 1398 in
847 1340 1068 1416 argumentum
1091 1343 1123 1398 et
1138 1335 1233 1413 origi-

154 1453 225 1499 nem
248 1436 464 1518 catalogorum
487 1437 677 1516 inquirerem
701 1443 743 1517 et,
774 1457 848 1501 num
882 1455 944 1518 qua
971 1435 1103 1501 fontium
1128 1454 1233 1502 neces·

153 1537 294 1604 situdine
315 1539 398 1602 inter
419 1557 454 1603 se
470 1540 745 1620 coniungerentur,
766 1539 999 1620 perspicerem
1023 1546 1118 1619 atque
1140 1557 1234 1620 spero

153 1659 203 1704 me
225 1641 459 1706 in'tractandis
481 1641 635 1723 catalogis
657 1641 753 1706 etiam
776 1642 817 1705 de
839 1639 960 1705 ratione
975 1640 1232 1721 heurematogra-

154 1742 290 1823 phorum
313 1741 463 1807 nonnulla
483 1743 681 1824 prolaturum
705 1761 783 1823 esse,
813 1743 928 1823 quibus
959 1760 1041 1822 quae
1062 1742 1233 1807 Brussker-

155 1845 227 1911 nius
249 1845 294 1926 (p.
318 1844 459 1922 31-42)
482 1846 523 1910 de
545 1845 605 1910 hac
626 1864 661 1910 re
684 1845 852 1909 adnotauit
873 1849 949 1924 apte
970 1843 1188 1926 suppleantur.

240 1947 430 2027 Priusquam
460 1954 567 2012 autern
606 1949 647 2012 ad
679 1966 759 2029 opus
789 1948 987 2028 propositum
1018 1948 1234 2029 accingamur,

154 2067 355 2130 quaeramus,
377 2050 567 2131 quibusnam
582 2051 708 2116 indiciis
730 2069 768 2115 ea
784 2056 1022 2129 cognoscantur,
1044 2068 1125 2129 quae
1140 2069 1233 2131 prae-

157 2158 207 2218 ter
229 2169 332 2232 pauca
354 2151 411 2216 illa
431 2152 610 2234 fragmenta
632 2154 788 2234 expressis
818 2152 925 2217 uerbis
954 2158 1064 2217 notata
1086 2152 1175 2216 libris
1198 2175 1234 2217 π.

152 2249 215 2338 εὕρ.
249 2254 459 2321 adscribenda
495 2256 568 2322 sint.
620 2256 827 2339 Nequaquam
866 2256 953 2347 enim¹
982 2273 1235 2337 unumquemque

152 2357 265 2436 locum,
288 2375 350 2438 quo
374 2375 423 2421 res
446 2358 594 2423 inuentae
617 2366 796 2439 narrantur,
829 2358 871 2421 ad
893 2356 1146 2422 heurematicum
1170 2358 1238 2422 fon-

153 2465 218 2523 tem
249 2477 400 2525 reuocare
428 2460 513 2540 licet,
543 2479 613 2526 cum
645 2462 800 2526 eiusmodi
833 2460 998 2524 materiem
1030 2460 1061 2547 in
1092 2459 1238 2539 plurimis

155 2561 357 2626 dissimillimi
380 2564 557 2643 argumenti
579 2563 671 2627 libris
699 2563 767 2626 siue
789 2561 926 2643 sparsim
956 2567 990 2643 et
1012 2560 1144 2627 fortuito
1168 2563 1235 2627 siue

154 2663 255 2729 fusius
278 2670 312 2728 et
333 2666 410 2730 data
433 2682 530 2745 opera
551 2671 721 2729 tractatam
744 2683 813 2730 esse
835 2670 868 2728 et
889 2662 988 2728 luisse
1011 2681 1186 2728 cernamus.

240 2768 286 2833 Ac
308 2768 445 2849 primum
461 2768 589 2850 quidem
605 2769 792 2832 monendum
808 2773 857 2831 est
878 2784 986 2832 omnes
1000 2765 1069 2831 fere
1083 2771 1193 2847 poetas
1207 2768 1236 2847 1)

156 2876 188 2935 et
221 2887 334 2950 prosae
364 2868 516 2933 orationis
547 2869 720 2948 scriptores
753 2869 804 2934 hic
835 2868 900 2933 illic
934 2868 1096 2932 occasione
1129 2869 1237 2933 oblata

155 3077 316 3153 significari
339 3077 395 3134 nisi
419 3075 555 3148 indicem,
587 3097 645 3154 quo
677 3078 808 3135 omnium
838 3097 936 3136 rerum
966 3076 998 3133 in
1030 3081 1092 3134 toto
1117 3076 1236 3153 Polybii

157 3183 246 3239 opere
270 3163 397 3221 maxime
418 3166 524 3220 notatu
547 3161 701 3236 dignarum
724 3169 898 3238 conspectus
914 3163 1114 3233 exhiberetur,
1138 3162 1239 3219 docuit

158 3248 313 3308 Nissenius
340 3247 429 3310 Mus,
461 3243 564 3309 Rhea.
585 3247 694 3305 XXVI
721 3249 809 3307 1871.
831 3269 859 3325 p.
885 3248 1017 3326 278sq.;
1047 3249 1084 3306 of.
1114 3247 1237 3306 Wachs·

158 3335 304 3392 muthium
333 3331 425 3397 Stud.
456 3350 498 3394 zu
527 3331 557 3394 d.
586 3351 632 3413 qr.
662 3329 698 3394 F
699 3331 817 3415 loriley.
852 3337 942 3392 1882.
973 3353 1001 3408 p.
1026 3333 1153 3403 diadu,
1186 3334 1235 3410 qni

157 3415 245 3495 „aspi
267 3420 320 3477 τοῦ
343 3413 425 3499 (ποῦ)
448 3437 491 3484 τις
513 3419 540 3474 τί
563 3414 660 3494 ἐξεῦρε
682 3420 771 3478 scribi
793 3422 885 3478 iubet.
929 3419 967 3476 In
989 3419 1115 3475 eundem
1138 3425 1236 3475 autem

159 3522 288 3562 errorem
311 3510 400 3581 atque
422 3503 636 3562 Brusskernius
667 3504 756 3563 etiam
787 3504 983 3564 Schneiderus
1005 3503 1111 3562 incidit
1137 3498 1237 3564 Calli·

158 3586 258 3652 mach.
280 3589 314 3647 II
340 3588 430 3646 1873.
453 3608 483 3664 p.
506 3593 546 3646 44
564 3591 630 3648 adn.

251 3674 278 3752 l)
302 3675 465 3732 Homerum
487 3679 584 3733 tamen
609 3674 749 3750 excipias,
774 3673 855 3732 nullo
879 3674 957 3731 enim
980 3694 1081 3733 eorum
1099 3673 1237 3745 locorum,

159 3781 233 3840 quos
264 3761 469 3819 Eichholtzius
498 3779 526 3834 p.
556 3766 567 3817 l
593 3760 732 3835 protulit:
756 3761 784 3816 E
808 3761 887 3832 7353
920 3760 1036 3833 1390;
1070 3754 1097 3821 Ξ
1120 3759 1237 3833 1783q

162 3852 237 3917 110;
266 3867 285 3903 v
309 3845 365 3916 72;
397 3847 510 3916 §2333
543 3849 662 3918 ψ159,
695 3865 793 3924 neque
813 3845 885 3904 alibi
908 3853 960 3905 aut
982 3846 1165 3904 inuentionis
1188 3853 1240 3905 aut

159 3931 324 3991 inuentoris
347 3930 436 3989 ullius
458 3931 569 3990 mentio
592 3929 634 3991 fit.
1229 3957 1235 3965 “
