2782 4642
584 393 798 465 ..89-

154 568 269 651 capitis
291 569 355 634 274
377 568 542 634 materiem
565 587 583 633 e
603 567 745 649 Vergilio
767 584 838 632 asse
859 565 1018 644 haustam,
1044 563 1143 647 capiti
1165 563 1229 628 217

153 679 260 737 antem
295 670 538 738 Callimacheam
571 705 614 718 -
646 668 766 736 scilicet
794 688 833 734 ex
862 668 967 734 Actirh
995 668 1164 733 deductam
1187 702 1228 712 —

153 774 330 839 doctrinam
354 773 491 839 subesse.
537 772 600 838 Sed
630 771 763 852 singulis
795 770 956 837 recensitis
985 769 1162 835 Bursianus
1184 768 1229 850 (p.

155 877 217 941 782
232 876 295 959 sq.)
318 877 495 958 caput2'14
509 881 609 941 totum
626 873 801 941 rectissime
817 873 946 956 negauit
961 872 1143 938 deriuatum
1159 889 1229 936 esse

153 998 171 1042 e
187 978 320 1060 Vergilii
336 977 528 1044 carminibus
545 994 717 1057 eorumque
732 975 974 1054 commentariis,
997 981 1032 1039 et
1052 975 1120 1055 ipse
1136 974 1229 1038 modo

151 1081 288 1147 euicisse
311 1079 389 1145 mihi
412 1080 522 1146 uideor
543 1081 636 1146 ambe
657 1079 765 1162 capita
795 1097 834 1144 ex
861 1097 924 1144 uno
946 1077 1119 1159 eodemque
1140 1073 1230 1140 fonte

152 1183 342 1249 manauisse.

240 1285 318 1363 Quis
340 1292 448 1351 anum
469 1283 566 1350 fuerit
581 1284 754 1367 Hyginiani
771 1283 908 1367 catalogi
923 1283 1003 1363 fons,
1027 1280 1095 1347 crui
1110 1279 1230 1363 nequit.

156 1388 302 1455 Concedo
324 1389 451 1469 quidem
483 1405 601 1467 paucas
633 1387 806 1468 particulas
836 1404 874 1451 ex
897 1384 1014 1468 Hygini
1037 1383 1154 1450 fabulis
1177 1386 1230 1468 (ἓξ

157 1492 196 1556 13
210 1510 257 1575 sq.
280 1492 330 1557 35.
353 1492 419 1573 38),
460 1489 627 1555 nonnullas
659 1507 677 1553 e
710 1489 811 1555 Seruii
841 1487 1075 1554 commentariis
1104 1488 1158 1570 (§§
1182 1489 1230 1551 12.

157 1594 196 1661 19
210 1613 257 1678 sq.
279 1593 331 1659 28.
353 1594 420 1674 33),
444 1592 523 1658 alias
546 1610 563 1656 e
579 1591 671 1656 Plinii
694 1591 837 1672 catalogo
852 1589 1069 1657 henrcmatico
1084 1590 1135 1672 (ἓξ
1150 1591 1228 1670 4sq.

155 1702 183 1766 8.
206 1699 256 1763 23.
280 1697 331 1763 25.
354 1699 405 1764 26.
429 1699 485 1778 29)
508 1696 610 1778 repeti
633 1696 782 1776 potuisse.
806 1695 908 1760 Maior
931 1712 1005 1761 uero
1028 1710 1104 1775 pars
1120 1692 1231 1757 innen-

155 1810 257 1866 torum
281 1799 456 1865 eiusmodi
480 1805 538 1879 est,
568 1806 605 1862 ut
635 1798 675 1864 de
704 1797 826 1877 origine
854 1814 963 1862 eorum
985 1795 1064 1862 nihil
1088 1795 1231 1859 conicere

156 1903 268 1982 liceat;
292 1903 387 1967 immo
409 1920 471 1966 non
487 1918 588 1982 pauca
603 1918 709 1965 eorum
726 1899 851 1965 omnino
867 1917 927 1964 non
947 1902 1232 1964 commemorantur

156 2007 243 2087 opud
276 2005 356 2069 alios
384 2012 538 2069 auctores.
583 2004 700 2069 Tamen
731 2003 780 2068 cui
811 2002 920 2084 generi
950 2001 1131 2069 litterarum
1159 1997 1231 2065 fons

155 2106 383 2174 adscribendus
404 2105 457 2184 sit,
480 2105 546 2171 sine
568 2103 633 2170 ulla
655 2104 864 2184 haesitatione
885 2104 1027 2171 indicare
1049 2103 1133 2169 licet.
1163 2101 1231 2170 Pri-

158 2229 240 2275 mum
266 2209 349 2274 enim
373 2215 421 2273 tot
444 2216 571 2290 tamque
594 2206 764 2272 dissimiles
788 2209 871 2273 inter
900 2227 935 2274 se
957 2225 1008 2272 res
1030 2204 1177 2285 catalogo
1199 2203 1231 2267 in

154 2330 250 2377 unum
274 2311 592 2392 comprehenduntur,
614 2320 649 2374 ut
671 2327 726 2375 eas
740 2311 782 2374 ad
797 2310 1020 2376 conlectionem
1043 2302 1230 2393 εὑρημάτων

155 2432 304 2481 reuocare
326 2412 508 2478 debeamus.
555 2411 674 2477 Deinde
698 2413 767 2493 ipsa
782 2411 990 2493 complurium
1013 2409 1230 2477 narrationum

155 2515 277 2581 indoles
299 2515 582 2580 henrematicorum
605 2515 747 2579 studium
771 2514 937 2580 manifesto
959 2513 1075 2595 prodit.
1110 2512 1221 2576 Addua

153 2619 237 2701 quod
259 2636 321 2682 non
343 2635 463 2697 paucae
484 2614 741 2683 narratiunculae
762 2617 880 2696 partim
902 2616 953 2682 uel
974 2616 1093 2681 eisdem
1114 2613 1231 2692 uerbis.

154 2721 206 2785 uel
229 2721 332 2785 fusius
353 2719 384 2784 in
408 2719 502 2785 Plinii
524 2718 668 2799 catologo
683 2719 842 2800 leguntur,
864 2720 981 2801 partim
1004 2717 1059 2799 eis,
1082 2733 1164 2800 quae
1178 2714 1231 2780 hic

155 2823 274 2902 tradit,
304 2822 549 2905 comprobantur
581 2819 634 2905 (01.
665 2821 703 2904 §p'
736 2822 786 2888 15.
808 2822 860 2886 34.
883 2821 924 2887 38
948 2839 1019 2887 cum
1041 2820 1120 2886 Plin.
1144 2837 1173 2882 n.
1197 2817 1229 2882 h.

152 2925 214 2990 Vll
239 2925 308 2990 196.
335 2924 404 2990 199.
428 2923 522 3005 206);
554 2922 689 2988 Plinium
718 2925 801 2988 enim
824 2925 929 3005 ipsum
951 2943 968 2989 e
991 2923 1081 2990 libris
1118 2921 1231 2986 heure·

156 3028 343 3093 moticornm
365 3026 511 3091 hausisse
532 3024 615 3090 infra
637 3025 864 3106 intellegemus.
896 3027 1009 3107 Itaque
1023 3024 1154 3091 dubium
1170 3041 1231 3087 non

157 3134 217 3210 est,
240 3130 315 3210 quin
338 3147 461 3193 summa
483 3126 622 3208 capitum
645 3127 848 3194 21401277
872 3130 913 3194 ad
938 3127 1132 3194 Graecorum
1154 3123 1233 3210 περὶ

157 3225 346 3317 εὑρημάτων
367 3231 464 3296 libros
486 3230 624 3311 recedat,
646 3231 697 3295 cui
720 3232 876 3312 quaedam
898 3230 1049 3297 adiecerit
1070 3231 1232 3295 Romanus

156 3334 260 3399 nescio
282 3334 353 3416 quis
375 3333 611 3414 grammaticus.

243 3436 350 3518 Atque
371 3440 441 3502 tota
462 3433 602 3516 corporis
617 3433 789 3517 Hyginiani
812 3453 886 3517 pars
901 3435 998 3501 tertia
1013 3453 1075 3518 quo
1090 3438 1233 3514 tempore

158 3538 333 3619 composita
355 3538 398 3604 sit
412 3556 483 3605 curn
499 3537 689 3619 ignoremus,
711 3537 911 3603 incentorum
926 3545 1031 3624 tamen
1047 3542 1144 3619 caput
1157 3539 1232 3600 ante

159 3659 251 3722 quem
285 3640 452 3706 terminum
487 3637 663 3705 coniectum
704 3640 748 3705 sit
779 3639 959 3706 accuratius
990 3638 1114 3705 definiri
1149 3637 1233 3703 licet.

160 3743 390 3808 Dositheus
423 3743 505 3809 enim
539 3741 706 3823 magister,
739 3742 793 3822 qni
826 3760 907 3807 anno
940 3761 969 3823 p.
1004 3741 1078 3808 Chr.
1109 3760 1139 3804 n.
1169 3739 1231 3806 207

159 3845 368 3915 enchiridium
383 3844 596 3926 Hyginionum
611 3845 768 3926 excerpsit
791 3850 823 3910 et
838 3846 870 3909 in
886 3843 1041 3910 Graecum
1057 3860 1230 3909 sermonem

160 3948 335 4029 transtulit,
363 3947 446 4013 inter
470 3947 691 4029 inmmptiones
721 3947 862 4030 capitum
890 3947 988 4015 etiam
1017 3943 1096 4034 περὶ
1115 3946 1234 4026 τεχνῶν
