2782 4642
605 329 798 395 -7..

244 501 359 582 ltaque
387 507 425 565 ut
454 502 599 584 exempla
629 519 816 582 proponam,
848 520 1008 567 armorum
1041 503 1240 569 inuenturum

158 603 351 686 catalogum,
374 603 428 685 qui
451 606 536 684 apud
560 605 647 670 Seru.
670 606 711 668 ad
728 604 821 687 Verg.
837 605 915 670 Aen.
932 605 978 668 IX
994 605 1057 670 503
1080 605 1241 687 legitur1),

158 707 200 769 ad
233 705 492 771 commentarium
524 706 660 788 aliquem
694 707 734 771 de
766 707 863 772 armis
893 707 944 770 uel
977 709 1017 772 de
1046 726 1080 772 re
1109 707 1242 772 militari

159 807 371 888 compositum
404 808 523 874 referre
555 809 723 891 unicuique
753 809 846 892 licet,
878 815 912 875 ot
943 829 991 889 ea,
1022 828 1104 890 quae
1137 809 1241 875 Schol.

158 909 250 974 Pind.
273 909 361 992 pyth.
381 907 407 974 V
429 910 449 974 6
471 911 512 974 de
535 910 581 975 rei
604 909 794 976 uehicularis
817 911 1006 991 quibusdam
1022 911 1240 977 inuentoribus

164 1017 337 1077 narrantur
350 1012 390 1094 ²),
413 1015 454 1078 ad
471 1012 585 1077 librum
609 1013 713 1078 nescio
735 1032 828 1094 quem
851 1014 892 1077 de
915 1034 949 1079 re
971 1013 1146 1079 uehiculari
1167 1032 1241 1079 con-

161 1117 325 1195 scriptum,
358 1133 539 1196 quanquam
563 1115 621 1179 hos
642 1114 727 1180 locos
755 1116 851 1180 etiam
883 1116 1003 1184 alibro
1026 1115 1241 1181 heurematico

160 1236 290 1283 manare
311 1218 456 1298 potuisse
478 1217 582 1282 nullus
604 1217 737 1300 ηεροδ).

536 1733 659 1823 capnt
683 1733 858 1825 primum.

248 1917 393 1982 lamuero
436 1918 476 1981 de
519 1910 706 2002 εὑρημάτων
742 1917 897 1999 catalogis
931 1918 1140 1999 disputemus.
1194 1919 1240 1984 Ac

158 2019 296 2101 primum
312 2017 439 2098 quidem
463 2037 516 2082 eos
532 2017 845 2098 comprehendamus,
867 2020 923 2098 qui
937 2021 1025 2100 apud
1041 2019 1240 2086 Christianos

160 2123 334 2202 scriptores
350 2121 559 2202 reperiuntur,
582 2123 730 2201 quoniam
747 2126 780 2185 et
799 2120 921 2185 consilii
944 2128 977 2187 et
998 2123 1131 2203 originis
1153 2121 1240 2185 simi·

160 2224 296 2289 litudine
328 2241 383 2288 eoa
413 2224 568 2290 contineri
599 2223 828 2304 intellegemus.
871 2222 1032 2288 Exhibent
1062 2229 1170 2289 autem
1203 2243 1241 2289 ex

162 2432 302 2491 malicum
324 2432 490 2489 adhibitum
513 2431 710 2490 coniecerunt.
726 2462 768 2473 —-
790 2431 920 2488 quenta
934 2432 1075 2490 Suidiana
1096 2434 1133 2490 ad
1147 2438 1240 2492 artem

160 2517 306 2592 poeticam
337 2517 518 2592 pertinentia
545 2516 693 2589 congessit
715 2515 921 2575 Volkmannus
950 2513 1003 2578 De
1033 2513 1240 2581 1811ἰά1161)ὗο-

157 2600 324 2684 proptrea
345 2605 465 2681 quaest.
488 2599 541 2664 sel.
569 2606 657 2659 1861.
680 2622 709 2676 p.
735 2605 846 2658 1-23.

250 2691 278 2760 1)
301 2688 465 2764 „inuentor
488 2692 586 2745 autem
608 2687 765 2745 testudinis
786 2689 931 2744 Artemon
956 2687 1159 2745 Clazomenius
1181 2690 1239 2747 fer-

159 2778 216 2846 tur,
246 2773 385 2853 idemque
414 2774 515 2831 arietis
540 2777 673 2847 repertor
696 2772 811 2833 dicitur.
841 2776 924 2830 scuta
953 2791 1040 2831 aerea
1066 2771 1125 2849 (sio
1157 2790 1237 2836 corr.

162 2855 202 2920 F.
226 2854 404 2922 Schoellitts
420 2876 485 2937 pro
509 2856 636 2933 stauera)
659 2863 774 2930 gestare
791 2857 912 2916 Curetes
940 2857 1028 2933 primi
1050 2858 1240 2918 inuenerunt.

159 2944 244 3018 galea
255 2943 430 3003 Thracicum
444 2949 563 3018 tegmen
578 2949 632 3003 est.
645 2943 782 3001 thoraces
797 2942 917 3000 Thorax
928 2944 1045 3022 quidam
1063 2961 1117 3001 rex
1132 2943 1239 3002 dicitur

158 3029 320 3088 inuenisse.
364 3029 485 3105 Lycaon
507 3031 601 3087 Arcas
623 3027 754 3102 gladium
775 3028 909 3103 longiore
931 3029 1040 3086 lamina
1062 3028 1239 3104 produxisse

158 3119 307 3174 narratur.
340 3113 448 3172 Peleus
463 3113 575 3189 primus
598 3115 783 3172 machaeram
804 3113 913 3172 dicitur
934 3114 1093 3172 inuenisse.
1116 3115 1238 3190 harpen,

157 3200 188 3258 id
212 3204 258 3259 eat
280 3219 403 3258 curuum
433 3198 561 3272 gladium
593 3199 625 3256 in
651 3199 769 3256 modum
791 3197 886 3271 falcis,
911 3219 928 3256 a
949 3200 1058 3257 Perseo
1081 3200 1236 3259 inuentum

157 3285 246 3344 multi
269 3285 438 3343 dixerunt.“

246 3373 276 3443 2)
299 3364 436 3446 „Ktima
465 3364 515 3426 καὶ
537 3360 654 3443 χαλινὸν
676 3368 794 3444 πρῶτος
817 3361 1056 3446 Βελλεροφόντης
1078 3364 1236 3442 κατέζευξε,

157 3453 308 3532 ξυνωρίδα
332 3447 476 3529 Κάστωρ,
505 3446 585 3531 ἅρμα
602 3447 795 3532 Ἐριχθόνιος
823 3445 841 3512 ὅ
864 3447 1046 3529 Ἀθηναῖος,
1084 3447 1238 3532 ἀστράβην

152 3534 280 3611 Ὀξύλος
302 3532 320 3599 ὅ
341 3532 504 3608 Αἰτωλός.“

247 3626 278 3702 3)
301 3628 433 3684 Eandem
461 3628 499 3684 oh
523 3645 638 3684 eausam
660 3624 691 3681 in
721 3625 882 3684 tractandis
905 3625 1138 3684 Christianorum
1161 3631 1239 3684 eata-

156 3711 235 3786 logis
266 3713 549 3785 Athenagorae
572 3710 706 3787 (supplic.
733 3709 770 3767 17
793 3730 822 3785 p.
846 3709 886 3767 74
902 3731 967 3790 sqq.
990 3711 1083 3783 Otto.)
1111 3729 1235 3785 paruam

156 3797 288 3855 indicem
309 3796 505 3872 praetermisi,
529 3816 587 3874 quo
609 3796 743 3871 picturae
765 3799 796 3853 et
817 3797 975 3854 statuariae
997 3817 1051 3855 sex
1064 3795 1236 3855 incentores

157 3888 366 3954 recensentem
397 3881 469 3941 mihi
499 3883 576 3941 enim
609 3880 730 3938 dubium
761 3901 820 3938 non
851 3887 904 3954 est,
934 3881 1007 3965 quin
1029 3883 1237 3958 Athenagoras
