2782 4642
619 333 830 398 ,64-

184 509 288 574 solum
313 507 440 572 Arionis
454 507 484 591 ¹)
506 523 620 571 nomen
637 506 704 588 ipse
719 525 757 572 ex
772 523 828 570 suo
843 504 971 583 adiecit,
994 521 1067 567 uam
1083 503 1123 568 de
1139 501 1269 584 Arione,

183 629 269 692 quae
291 608 517 688 narrabantur,
547 606 673 673 fabulas
702 625 737 672 se
768 626 830 672 non
852 607 999 686 ignorare
1021 607 1114 670 docet
1136 623 1167 685 p.
1190 604 1268 685 556,

188 714 229 779 13
245 731 301 794 sq,
324 711 379 776 ubi
400 730 472 775 eum
495 728 554 792 per
576 710 743 791 delphinos
766 715 929 775 seruatum
952 707 1119 789 significat.

270 815 375 896 Igitur
396 813 465 878 luce
498 811 615 878 clarius
644 819 693 877 est
723 811 886 876 Theodoro
917 809 1032 876 librum
1055 810 1269 875 Alexandrini

183 918 228 981 ad
260 934 388 982 manum
418 915 527 981 fuisse.
580 914 763 992 Quidnam?
801 932 903 979 noune
938 914 1009 996 pari
1039 913 1133 978 modo
1161 918 1195 979 et
1228 931 1269 978 ex

184 1019 291 1100 priore
314 1018 460 1100 catalogo
481 1027 514 1082 et
536 1036 574 1082 ex
595 1018 696 1082 altero
721 1017 837 1098 capitis
853 1016 984 1082 dimidio
1000 1014 1151 1080 nonnulla
1172 1032 1269 1096 repe·

186 1121 285 1185 tiuitl
317 1139 417 1185 noune
439 1120 537 1185 rebus
559 1118 631 1194 illis,
652 1136 732 1200 quas
754 1119 889 1200 ostendi,
919 1136 1042 1183 summa
1063 1137 1134 1184 cum
1158 1116 1268 1199 negle-

186 1223 295 1303 gentia
316 1222 488 1305 implicatis
509 1224 578 1304 ipsc
600 1222 801 1303 apertissima
815 1220 883 1285 edit
896 1221 1024 1299 indicia,
1046 1219 1160 1301 quibus
1175 1238 1265 1284 mon·

183 1329 325 1405 stratur,
358 1327 442 1391 unde
474 1325 643 1391 hauserit?
688 1323 759 1390 Huc
792 1324 916 1390 accedit
949 1329 1172 1405 argumentum
1203 1341 1266 1388 non

187 1426 296 1508 parui,
327 1429 455 1510 opinor,
486 1428 592 1510 pretii.
636 1427 672 1491 In
705 1428 816 1492 eadem
851 1425 934 1491 euim
968 1426 1196 1491 declamatione
1228 1443 1269 1490 ex

187 1529 298 1594 eodem
322 1528 492 1595 Clementis
514 1529 607 1612 libro,
630 1547 692 1608 quo
715 1530 901 1595 heuremata
926 1530 1130 1596 continentur
1151 1526 1266 1609 (clem.

183 1643 295 1698 strom.
319 1632 334 1695 1
358 1633 407 1711 10,
428 1632 485 1713 48)
508 1632 672 1711 scriptoris
700 1631 823 1697 nomine
854 1651 913 1696 non
945 1630 1066 1696 diutius
1095 1630 1206 1696 abdito
1228 1648 1269 1695 ea

185 1735 376 1816 desumpsit,
398 1752 481 1815 quae
503 1753 533 1814 p.
555 1732 629 1815 556,
656 1735 694 1800 17
710 1751 778 1815 sqq.
802 1735 965 1816 laudat2).

624 2008 829 2018 ——--=—.—-

573 2249 696 2340 (laput
721 2255 883 2321 sextum.

275 2448 380 2514 Aliam
406 2450 691 2517 heurematicorum
723 2453 899 2516 studiorum
932 2451 1115 2516 memoriam
1139 2461 1171 2515 et
1193 2450 1268 2516 reli-

187 2554 283 2632 quias
306 2552 458 2617 debemus
480 2553 608 2635 Hygino
630 2561 663 2620 et
687 2553 897 2619 Cassiodorio.

274 2655 379 2734 Atque
402 2657 487 2738 quod
510 2656 673 2739 Hygini
695 2656 819 2721 nomine
841 2656 1029 2737 inscriptum
1045 2656 1269 2722 circumfertur

187 2757 399 2822 enchiridium
422 2756 680 2841 mythologicum‚
702 2759 771 2823 eius
792 2763 886 2839 parte
908 2759 1005 2823 tertia
1020 2758 1139 2824 indices
1160 2776 1268 2823 rerum

189 2859 440 2925 memorabilium
457 2861 667 2943 continentur,
682 2879 764 2943 quae
779 2879 840 2926 non
856 2862 957 2927 solum
972 2863 1014 2926 ad
1030 2861 1268 2945 mythologiam,

185 2964 246 3028 sed
269 2963 364 3028 ctiam
387 2965 429 3027 ad
452 2963 616 3029 historiam
639 2971 671 3030 et
693 2965 922 3048 geographiam
944 2972 1100 3047 spectant.
1136 2965 1270 3046 Reperi-

190 3069 292 3130 untur
307 3073 414 3131 autem
437 3067 591 3133 intereos
613 3067 751 3150 catalogi
772 3062 959 3153 εὑρημάτων
981 3069 1057 3132 duo:
1079 3066 1142 3135 fab.
1157 3067 1221 3131 274
1236 3073 1270 3133 et

280 3290 309 3366 1)
331 3293 453 3350 Arionis
484 3293 562 3350 aliud
597 3313 716 3374 quoque
745 3293 902 3353 inuentum
933 3300 1114 3370 compertum
1146 3294 1269 3354 habuit:

187 3397 220 3454 1).
245 3380 304 3435 525
328 3376 348 3435 l.
372 3381 390 3435 2
413 3374 541 3453 „aitqua
563 3374 595 3437 δὲ
618 3371 636 3436 ὅ
658 3371 857 3455 διθύραμβος,
881 3375 913 3438 ἒν
936 3377 1083 3460 Κορίνθῳ
1106 3374 1159 3454 μὲν
1181 3370 1269 3456 εὕρη-

191 3457 281 3536 μένον
303 3453 364 3518 dard
383 3451 529 3538 Ἀρίωνος
550 3466 605 3522 τοῦ
628 3460 859 3540 Μηθύμνηθεν,
882 3465 961 3522 arl.“

277 3546 309 3625 2)
332 3549 441 3605 Mirum
464 3555 518 3626 est,
540 3550 618 3630 quod
641 3552 792 3622 editorem,
816 3569 986 3629 quanquam
1008 3552 1088 3611 huuc
1109 3550 1270 3610 Clementis

190 3631 287 3692 locum
310 3634 473 3707 adnotauit,
495 3640 595 3694 tamen
617 3637 696 3711 fugit
710 3656 748 3695 ex
770 3637 826 3696 hoc
840 3637 906 3711 ipso
921 3636 1005 3695 fonte
1021 3655 1156 3710 magnam
1172 3637 1269 3694 Theo·

191 3718 255 3776 dori
271 3719 447 3778 eruditionis
476 3720 557 3780 illius
580 3727 695 3797 partem
710 3741 858 3792 manasse,
882 3741 971 3799 quam
986 3723 1050 3797 ipse
1066 3723 1226 3782 admiratur
1240 3727 1271 3780 et

186 3804 285 3947 orrirgq1
288 3805 328 3947 gn
344 3805 478 3948 οτςδίἐιιοω
494 3812 528 3866 ut
542 3807 697 3885 inquirant
711 3808 769 3866 uiri
785 3807 872 3880 docti,
896 3808 1099 3867 commendat:
1122 3808 1158 3868 cf.
1174 3809 1269 3884 praef.

190 3907 221 3963 p.
330 3898 361 3949 et
447 3934 454 3949 .
