2782 4642
633 376 867 446 ,105-

214 548 319 630 capite
334 557 595 617 commemoratos
611 551 848 616 recentissimus
862 549 915 631 sit,
937 553 1056 616 etcum
1076 546 1154 613 nihil
1169 546 1290 613 habea-

216 670 296 730 mus,
317 670 385 717 cur·
397 652 534 718 Plinium
556 653 624 718 eius
644 653 820 718 sententias
842 653 1017 718 aRomano
1033 650 1138 733 aliquo
1160 654 1291 717 auctore

213 755 405 836 comperisse
426 756 633 838 suspicemur,
655 754 793 820 Plinium
822 754 916 819 huius
938 778 975 818 rr.
997 748 1062 838 εὕρ.
1083 770 1163 834 opus
1185 753 1290 834 ipsum

213 856 387 938 inspexisse
409 858 607 923 crediderim.
652 857 744 935 Quod
765 858 793 921 si
814 863 901 922 recte
920 855 1190 936 constituerimus,
1213 853 1291 919 Plri-

213 958 393 1040 lostephani
414 959 530 1026 librum
553 959 655 1024 Plinio
676 961 773 1025 etiam
796 961 828 1025 in
844 961 949 1041 priore
964 961 1027 1023 iam
1044 958 1180 1040 catalogi
1196 962 1291 1038 parte

214 1062 440 1128 conscribenda
461 1063 533 1127 usui
561 1062 658 1128 luisse
689 1062 886 1127 coniciemus.
931 1060 1032 1143 Saepe
1061 1062 1145 1125 enim
1167 1061 1290 1126 Plinius

213 1164 282 1229 eius
304 1165 504 1246 potissimum
526 1166 675 1245 auctoris,
703 1184 720 1229 e
742 1182 805 1245 quo
826 1165 965 1247 plurimu
986 1164 1036 1228 uel
1060 1163 1213 1246 pleraque
1235 1163 1291 1226 dc·

212 1266 359 1348 sumpsit,
391 1286 501 1333 nomen
533 1266 681 1334 inferiore
709 1269 834 1333 demum
866 1268 971 1349 aliquo
999 1266 1068 1331 looo
1095 1265 1291 1331 narrationis
1370 1321 1371 1324 ,

213 1367 367 1435 laudauit.
1093 1412 1097 1422 ·

299 1473 388 1551 Quae
409 1491 483 1538 cum
503 1474 550 1539 ita
570 1472 645 1553 sint,
668 1471 804 1538 Plinium
828 1490 866 1535 ex
887 1469 1057 1550 Stratonis,
1087 1471 1292 1564 Heraclidae,

212 1572 451 1657 Philostephani
494 1599 531 1638 ιι.
569 1597 635 1659 ευρ.
676 1574 768 1640 libris
806 1574 958 1656 pleraque
999 1581 1178 1639 mutuatum
1218 1592 1291 1639 esse

215 1677 365 1744 arbitror.
409 1679 460 1743 Ad
482 1679 607 1743 eosdem
630 1676 733 1742 fontes
756 1677 887 1742 Hesiodi
908 1675 1120 1757 fragmentum
1143 1676 1204 1741 VII
1228 1677 1291 1741 197

216 1779 390 1845 exhibitum
415 1781 520 1861 relego
537 1779 590 1861 (ci.
606 1799 704 1863 supra
718 1799 749 1862 p.
764 1780 807 1846 29
822 1781 905 1861 sqq.)
928 1797 1028 1860 neque
1043 1778 1108 1844 scio
1123 1797 1163 1844 an
1180 1781 1292 1844 eodem

212 1886 382 1950 reuocandi
412 1886 476 1950 sint
506 1884 598 1950 ambo
631 1884 701 1961 loci,
723 1883 838 1964 quibus
866 1883 990 1950 Plinius
1022 1883 1292 1965 „Aegyptiorum

215 1988 406 2053 sententiam
427 1986 566 2068 profert:
596 1986 658 2052 VII
690 1987 753 2051 194
780 1991 814 2052 et
845 1986 915 2051 196.
960 1986 1023 2051 Sed
1052 1984 1162 2066 procul
1192 1985 1291 2050 dubio

214 2088 270 2167 eis,
300 2105 384 2168 quae
404 2108 443 2154 ex
464 2088 516 2153 his
540 2088 630 2154 libris
653 2089 880 2170 transscripsit,
912 2088 980 2169 ipse
1009 2107 1048 2153 ex
1077 2105 1135 2152 sua
1157 2087 1293 2153 lectione

211 2189 361 2256 nonnulla
382 2191 518 2256 addidit.
571 2191 667 2258 Ouios
689 2191 775 2256 modi
805 2191 890 2256 locos
912 2208 1029 2272 paucos
1050 2191 1113 2256 iam
1137 2208 1235 2272 supra
1258 2208 1289 2271 p.

212 2292 253 2358 98
262 2310 308 2373 sq.
317 2301 351 2358 et
368 2295 426 2362 101
440 2312 487 2377 sq.
502 2294 633 2376 conlegi.
655 2295 818 2360 Accedunt
834 2294 932 2359 etiam
947 2294 978 2372 ei
992 2292 1063 2371 loci,
1079 2292 1195 2375 quibus
1211 2292 1288 2357 Gel-

214 2394 276 2461 lius
299 2395 458 2461 annalium
481 2398 618 2478 scriptor
647 2397 816 2462 laudatur:
847 2397 907 2463 VlI
931 2397 1002 2462 192.
1029 2396 1099 2462 ret
1123 2396 1195 2462 197.
1219 2396 1290 2461 198.

299 2497 388 2563 Haec
417 2497 483 2565 lere
513 2498 620 2577 habui,
650 2518 732 2581 quae
759 2501 799 2564 de
829 2499 913 2564 Plini
940 2493 1128 2584 εὑρημάτων
1150 2497 1289 2580 catalogi

213 2598 353 2666 lontibus
375 2602 520 2668 dicerem.
647 2644 649 2653 ·
867 2587 870 2592 ’

1275 2810 1289 2867 l

650 2895 851 2902 ——-—-—

572 3136 695 3231 Caput
727 3140 918 3208 octauum.

298 3322 464 3402 Indagare,
486 3323 557 3402 quis
572 3322 649 3404 qnid
663 3323 786 3404 primus
799 3322 969 3403 inuenerit,
990 3321 1111 3387 animos
1126 3320 1288 3384 hominum

213 3441 339 3504 semper
361 3424 545 3503 delectauit,
575 3425 624 3489 ite
652 3431 689 3490 ut
717 3425 750 3490 in
780 3424 897 3490 litteris
927 3424 1065 3489 omnium
1088 3421 1230 3505 gentium
1254 3426 1288 3486 et

213 3526 314 3592 omnis
331 3527 408 3592 aeui
429 3528 471 3590 de
493 3527 632 3592 inuentis
654 3527 926 3593 etinuentnrinus
948 3527 1072 3591 narrari
1095 3525 1206 3591 soleat.
1228 3523 1290 3588 nt-

213 3649 274 3713 que
296 3630 380 3695 inter
402 3629 542 3695 Graecos
563 3631 735 3711 scriptores
766 3631 830 3695 iam
858 3630 932 3694 inde
962 3629 1002 3694 ab
1024 3629 1165 3694 Hesiodo
1188 3633 1288 3708 paene

212 3735 430 3816 unusquisque
452 3727 616 3820 εἱρήματα
638 3733 896 3799 commemorauit
919 3730 971 3813 (cl.
993 3749 1092 3813 snpra
1113 3751 1144 3812 p.
1160 3731 1180 3794 2
1195 3730 1289 3810 eqo),

212 3835 325 3901 deinde
348 3853 434 3914 nero,
464 3852 534 3900 cum
565 3836 769 3916 degentium
799 3835 867 3900 uita
895 3842 929 3899 et
952 3835 992 3899 de
1014 3834 1210 3916 singularum
1233 3831 1287 3896 lit·

212 3944 352 4016 terarum
374 3937 497 4021 origine
519 3943 552 4005 et
574 3937 712 4016 historio
729 3942 879 4017 accurata
905 3937 1028 4013 ratione
1056 3937 1174 4032 inquiri
1195 3953 1293 4028 coep.
