2782 4642
630 366 834 430 „gg-

191 558 272 618 nem,
293 556 376 618 quae
398 542 447 602 est
468 537 508 601 de
531 534 668 601 metallis
690 534 828 600 inuentis
850 533 903 616 (ἐξ
919 532 1056 618 7-11);
1078 533 1176 614 locus,
1202 549 1265 613 quo

193 641 302 721 agitur
330 640 370 704 de
397 638 615 705 instrumentis
646 638 773 703 musicis
804 636 857 720 (ἐξ
885 633 1037 719 25-28),
1070 634 1269 716 ineptissime

194 742 437 823 interrumpitur
459 742 478 824 ξ
499 741 558 805 26:
589 742 639 823 „in
671 739 778 806 Sicilia
807 739 999 805 frumentum
1030 739 1155 821 Geres“,
1185 739 1270 821 quod

193 845 322 928 quidem
336 837 401 929 εῧρ.
416 843 667 924 coniungendam
679 846 708 922 ¹)
731 841 791 907 fuit
807 860 876 907 cum
892 843 910 925 ξ
926 842 969 908 34
983 861 1040 925 sq.,
1063 841 1116 907 ubi
1139 841 1271 905 inuenta

196 952 386 1029 tractantur,
407 966 490 1030 quae
512 947 554 1012 ad
576 946 802 1027 agriculturam
825 944 984 1026 pertinent
1006 949 1038 1009 et
1059 963 1140 1025 quae
1163 943 1271 1008 Cereri

194 1049 358 1115 debentur.
401 1050 545 1131 Denique
574 1067 630 1114 eae
658 1047 793 1113 maxime
824 1047 1036 1125 narrationes,
1070 1065 1151 1130 quae
1173 1044 1271 1127 paulo

195 1148 324 1218 uberius
346 1170 384 1216 ac
406 1152 570 1217 uerbosius
585 1150 781 1232 perscriptae
802 1158 885 1229 sunt,
907 1149 945 1231 ἕξ
969 1149 1017 1214 18.
1041 1151 1092 1215 27.
1114 1149 1166 1229 36,
1189 1149 1271 1213 adeo

196 1253 390 1320 inconditum
414 1252 539 1319 dicendi
561 1271 661 1335 genus
676 1251 826 1333 produnt,
847 1256 885 1315 ut
907 1249 1010 1316 lacere
1026 1270 1085 1316 non
1102 1251 1272 1332 possimus,

196 1356 270 1439 quin
294 1356 502 1437 deprauatam
525 1374 595 1421 esse
617 1353 800 1419 memoriam
822 1371 1014 1418 censeamus.

283 1459 431 1522 Attamen
454 1457 610 1539 catalogo,
640 1474 731 1539 quem
764 1461 917 1534 tenemus,
946 1474 1006 1519 non
1030 1457 1121 1520 deest
1142 1455 1274 1536 propria

197 1560 329 1626 indoles.
375 1560 411 1623 ld
434 1559 560 1644 quidem
583 1560 668 1625 haud
693 1558 799 1639 magni
813 1557 1059 1636 aestimabimus,
1081 1558 1164 1639 qnod
1179 1556 1274 1639 longe

196 1662 347 1743 pleraque
368 1657 555 1749 εὑρημάτων
583 1683 600 1729 e
623 1662 754 1728 Graecis
779 1661 895 1726 fabulis
924 1662 1061 1743 repetita
1090 1669 1180 1740 sunt;
1210 1679 1272 1726 non

197 1765 279 1829 enim
303 1772 422 1831 certum
445 1766 607 1832 consilium
630 1770 815 1847 persecutus
836 1767 895 1841 est,
926 1763 981 1846 qui
1002 1762 1179 1844 catalogum
1205 1763 1274 1846 Hy-

197 1867 358 1949 ginianum
381 1867 577 1949 conseripsit,
598 1869 681 1933 sicut
703 1865 876 1933 Christiani
898 1865 946 1930 illi
966 1864 1118 1945 fecerunt,
1140 1866 1181 1930 de
1204 1864 1274 1946 qui·

198 1969 257 2034 bus
280 1987 376 2051 supra
398 1969 545 2035 disserui.
568 1972 744 2050 Quamnam
760 1986 836 2035 uero
851 1969 893 2033 ad
908 1969 1049 2050 regulam
1065 1986 1103 2033 ac
1119 1970 1275 2034 rationem

198 2072 349 2137 materias
378 2092 416 2137 ex
446 2073 595 2138 uniuersa
626 2073 825 2137 inuenturum
848 2071 940 2153 copia
970 2071 1113 2152 elegerit,
1141 2090 1274 2154 prorsus

197 2174 379 2256 ambiguum
412 2179 461 2240 est
489 2180 586 2257 atque
616 2174 792 2240 obscurum.
846 2173 928 2239 Nam
961 2173 1044 2240 inter
1075 2175 1275 2241 narrationes

200 2276 349 2357 uulgares
370 2275 520 2357 leguntur
541 2276 648 2356 etiam,
678 2295 759 2359 quae
790 2275 841 2342 uel
864 2276 1026 2341 rarissime
1049 2276 1099 2342 uel
1122 2294 1278 2357 nusquam

198 2384 364 2461 praeterea
386 2386 678 2461 commemorentur,
701 2380 877 2446 cuiusmodi
898 2383 973 2444 sunt
1003 2380 1042 2462 ἓξ
1066 2380 1159 2444 1-3.
1181 2379 1211 2445 6.
1238 2381 1278 2446 16

198 2482 292 2548 -18,
315 2482 366 2547 36.
388 2483 439 2548 37.
483 2483 520 2547 In
543 2482 615 2547 aliis
637 2486 743 2548 autem
767 2482 960 2548 heurematis
981 2482 1015 2547 id
1030 2481 1170 2563 offendit,
1193 2481 1278 2563 quod
1309 2523 1312 2527 ν

199 2603 260 2665 res,
282 2586 428 2666 quamuis
450 2585 538 2666 ipsae
560 2585 591 2649 in
615 2585 730 2651 ceteris
752 2602 876 2667 quoque
898 2583 1051 2665 catalogis
1068 2583 1279 2664 reperiantur,

200 2693 307 2753 tamen
331 2687 549 2753 inuentoribus
572 2688 790 2769 adsignantur,
811 2688 865 2771 qui
880 2688 974 2770 plane
989 2688 1063 2753 noui
1079 2687 1278 2768 inauditique

201 2790 282 2854 sint:
305 2789 344 2855 cf.
367 2791 386 2873 ξ
409 2792 427 2856 7
450 2808 521 2856 cum
545 2789 624 2855 Plio.
640 2809 669 2856 n.
686 2790 716 2855 h.
738 2791 800 2855 Vll
824 2790 884 2854 197
908 2796 942 2854 11
964 2789 1060 2856 011111.
1084 2790 1122 2872 ἓξ
1146 2791 1195 2855 17.
1218 2790 1279 2868 29;

201 2891 283 2974 §22
306 2910 377 2958 cum
400 2893 479 2959 Plin.
501 2892 563 2958 Vll
586 2893 648 2958 203
670 2898 703 2958 et
726 2893 877 2975 Olem.§§
900 2897 928 2958 1.
944 2895 974 2959 6.
997 2893 1102 2972 Atque
1118 2892 1158 2957 ab
1174 2892 1278 2959 altera

202 3001 293 3076 parte
315 2994 500 3061 tritissimae
527 3013 579 3061 res
600 2995 800 3077 omittuntur,
829 2996 919 3061 uelut
949 2995 1172 3061 desiderantur
1194 2996 1280 3062 inter

202 3096 333 3162 metalla
353 3098 407 3181 (ἕξ
432 3098 550 3179 7-11)
579 3095 708 3179 ferrum,
738 3098 820 3164 inter
850 3098 1060 3164 instrumenta
1083 3099 1203 3164 musica
1224 3099 1279 3182 (§§

202 3199 382 3280 112111.
412 3200 468 3283 32)
502 3199 599 3280 tibia,
630 3199 713 3264 inter
743 3199 922 3265 litterarum
955 3200 1135 3266 inuentores
1168 3201 1201 3284 (ξ
1223 3202 1279 3283 31)

202 3300 385 3382 Phoenices,
406 3303 489 3366 inter
511 3302 685 3368 medicinae
707 3302 887 3368 inuentores
909 3303 942 3385 (ἓ
958 3302 999 3367 15
1014 3304 1096 3385 sqq.)
1118 3303 1279 3386 Aegyptii.

290 3403 391 3470 Multo
402 3410 508 3470 autem
519 3405 651 3485 grauius
662 3404 841 3473 habendum
856 3405 1003 3472 estaliud
1015 3407 1184 3489 quoddam.
1202 3406 1279 3471 Ani·

204 3507 435 3573 maduertimus
454 3509 536 3574 enim
559 3507 590 3572 in
606 3508 625 3591 ξ
639 3509 659 3574 2
675 3511 717 3574 ad
731 3510 925 3591 descriptum
941 3509 1143 3592 antiquorum
1160 3527 1277 3574 morem

294 3752 322 3829 l)
345 3753 409 3811 Nec
423 3771 495 3812 uero
510 3753 719 3811 secludendum
734 3757 780 3810 est
795 3771 860 3810 cum
875 3751 1047 3824 Schmidtio,
1071 3757 1185 3812 certant
1199 3754 1278 3811 enim

207 3838 242 3897 de
258 3837 512 3981 lllaudrahfrlrmlenti
537 3858 554 3896 a
576 3838 681 3897 (lerere
704 3838 819 3897 inuenti
842 3838 943 3897 Attica
965 3844 995 3897 et
1016 3837 1125 3911 Sicilia,
1148 3840 1185 3898 of.
1202 3839 1281 3898 Plin.

206 3943 235 3981 n.
282 3966 288 3980 .
418 3929 436 3980 9
462 3967 468 3982 .
