2782 4642
528 341 792 415 ·-c-

154 537 229 584 esse
252 523 398 599 apparet,
429 519 538 600 itaque
567 521 705 600 primum
738 520 913 587 cauendum
944 537 1012 584 esse
1035 519 1173 601 uidetur,
1195 537 1235 585 ne

155 622 185 686 ei
209 621 340 685 nimium
356 620 531 700 credamus,
553 623 742 701 praesertim
767 641 836 688 cum
853 621 1112 704 Kalkmannus1)
1135 639 1236 701 nuper

157 742 284 787 ornnem
314 722 380 787 iere
409 721 504 787 fidem
527 724 662 788 Tatiano
692 725 908 805 denegauerit.
952 725 1008 789 Eis
1038 724 1131 803 enim,
1154 741 1236 805 quae

155 827 311 891 Tatianus
341 843 430 906 capp.
453 824 580 891 33-35
603 828 643 892 de
673 825 821 908 operibus
852 825 1059 907 artificiisque
1089 825 1236 906 tradidit,

154 928 360 1009 sagacissime
382 929 598 1008 acerrimeque
615 929 803 995 examinatis
825 950 896 996 eum
920 930 1063 995 consulto
1078 946 1235 994 commen-

154 1032 234 1097 tioia
255 1031 434 1110 prodidisse
456 1032 597 1098 coniecit.
643 1031 774 1114 Singula
802 1032 901 1112 igitur
923 1032 1093 1114 diligenter
1115 1029 1235 1094 excuti·

155 1152 247 1198 amus
269 1132 424 1214 simulque
447 1133 480 1198 id
496 1139 686 1214 spectemus,
710 1153 782 1199 num
805 1135 883 1215 quid
906 1135 945 1199 de
961 1134 1082 1216 origine
1097 1131 1234 1212 catalogi

159 1253 394 1320 cognoscamus.

243 1339 477 1405 Commentario
516 1346 622 1403 autem
656 1339 782 1404 Tatiani
823 1340 1035 1405 narrationem
1069 1340 1235 1418 instruens,

155 1460 237 1522 quae
259 1440 413 1519 catalogis
435 1449 611 1506 ceterorum
635 1441 886 1507 Christianorum
908 1441 1111 1523 praebentur,
1144 1441 1234 1506 testi-

155 1545 262 1609 monia
283 1543 474 1625 praeteribo,
496 1562 568 1609 curn
591 1545 776 1625 donatione,
800 1564 881 1626 quae
903 1545 987 1610 inter
1001 1544 1105 1610 fontes
1127 1561 1235 1609 eorum

155 1647 350 1725 intercedat,
389 1645 580 1726 peculiarem
622 1646 706 1710 inira
744 1647 913 1713 instituere
951 1647 1167 1728 quaestionem
1201 1645 1233 1708 in

155 1750 262 1814 animo
284 1749 336 1813 sit.
371 1747 436 1813 Nec
453 1747 572 1827 dubito,
596 1749 670 1830 quin
688 1767 737 1813 me
752 1750 939 1814 herremata
953 1768 971 1814 e
985 1749 1076 1814 libris
1092 1752 1234 1813 ueterum

154 1851 366 1933 conligentem
391 1869 450 1915 non
474 1851 561 1916 nulla
591 1851 767 1932 effugerint,
797 1853 853 1917 sed
884 1871 955 1917 cum
986 1851 1138 1916 incultum
1169 1848 1235 1914 fere

157 1953 296 2036 agellum
320 1953 488 2032 arauerim,
521 1954 604 2018 uiros
634 1955 743 2020 doctos
765 1954 901 2035 benigne
924 1954 963 2018 de
985 1952 1133 2035 periculis
1156 1951 1235 2015 meis

154 2057 352 2121 iudicaturos
380 2072 449 2120 esse
480 2074 574 2136 spero
603 2064 700 2138 atque
729 2076 813 2140 rogo.
860 2059 1085 2123 Verumtamen
1116 2053 1150 2118 id
1174 2071 1233 2116 non

154 2160 217 2241 egi,
240 2163 277 2222 ut
299 2175 416 2237 umnec,
439 2158 554 2238 quibus
575 2159 658 2223 idem
674 2154 738 2242 obp.
755 2161 904 2240 traditur,
925 2159 1010 2225 locos
1032 2157 1235 2236 cumularem,

154 2263 251 2326 immo
274 2260 306 2324 id
325 2259 408 2323 mihi
430 2260 589 2340 proposui,
613 2267 648 2324 ut
671 2261 840 2342 experirer,
862 2281 937 2326 num
961 2280 1042 2342 quae
1064 2263 1235 2326 narrantur

156 2362 230 2427 aliis
245 2361 427 2427 litterarum
444 2362 633 2428 testimoniis
656 2364 724 2428 siue
739 2364 968 2429 uetustioribus
992 2365 1060 2429 siue
1083 2363 1133 2444 iis,
1155 2380 1236 2443 quae

153 2484 195 2529 ex
216 2463 279 2529 alio
300 2463 388 2528 fonte
417 2470 643 2544 manauerunt,
676 2464 938 2530 confirmarentur
969 2473 1066 2545 atque
1095 2464 1236 2529 illustra-

160 2573 280 2632 rentur.

243 2671 262 2751 ξ
287 2673 314 2734 1.
352 2669 440 2733 Idem
462 2675 604 2736 testatur
626 2671 726 2736 Noun.
750 2670 958 2752 abb.2)171
983 2689 1014 2750 p.
1039 2669 1235 2750 1021mign.

153 2771 327 2837 Praeterea
349 2773 476 2853 saepius
499 2780 645 2839 narratur
659 2773 891 2838 Telmessenses
910 2773 1043 2837 ostentis
1065 2770 1235 2853 prodigiis-

153 2891 218 2954 que
240 2874 490 2954 interpretandis
521 2883 617 2955 atque
647 2875 800 2957 omnibus,
833 2893 913 2955 quae
944 2876 984 2939 ad
1008 2873 1234 2939 diuinationem

153 2980 311 3057 spectant,
335 2976 428 3041 rebus
450 2978 628 3043 studuisse:
661 2977 778 3042 Herod.
801 2978 817 3041 Ι
840 2977 880 3041 78
904 2985 937 3041 et
959 2977 1016 3055 84;
1046 2975 1109 3042 Cic.
1134 2975 1235 3041 diu.I

153 3079 196 3143 41
213 3096 278 3160 sq.;
301 3077 383 3142 Plin.
406 3098 434 3143 n.
458 3079 489 3143 h.
512 3080 602 3145 XXX
624 3083 660 3160 63
685 3082 756 3145 Arr.
779 3078 869 3145 anab.
891 3078 925 3143 Il
947 3081 978 3161 3,
1000 3080 1039 3160 33
1062 3077 1153 3142 Phot.
1176 3077 1234 3142 lex.

152 3199 180 3246 a.
201 3179 317 3264 Τελμ.;
342 3218 381 3225 -
406 3181 537 3248 Tertull.
560 3184 601 3247 de
622 3183 716 3248 anim.
733 3183 776 3248 46
799 3182 853 3264 ,,Τ.
869 3181 955 3246 nulla
977 3183 1098 3246 somnia
1119 3198 1235 3245 euacu-

153 3287 223 3363 ant,
246 3282 499 3349 imbecillitatem
522 3285 761 3351 coniectationis
783 3285 958 3350 incusant.“
982 3318 1021 3329 —

242 3386 261 3466 ξ
283 3385 313 3450 2.
350 3385 419 3452 Hoc
440 3380 504 3474 εὕρ.
527 3388 631 3468 ipsum
664 3390 752 3467 apud
782 3387 861 3452 alios
884 3387 1054 3467 scriptores
1077 3405 1138 3451 non
1160 3386 1233 3468 legi,

250 3647 280 3722 1)
303 3643 390 3708 Mus.
413 3643 513 3709 Rhea.
537 3647 635 3705 XLII.
666 3648 752 3705 1887.
776 3666 805 3721 p.
829 3650 889 3702 489
906 3665 971 3724 sqq.

245 3733 277 3808 2)
307 3731 352 3792 Do
391 3731 566 3791 auctoritate
596 3733 725 3791 nominis
760 3731 861 3788 Nonni
891 3730 1055 3805 disputauit
1082 3728 1235 3802 Patzigius

154 3813 258 3962 aId'rpr.
292 3814 475 3883 mumanae
504 3818 585 3896 Lips.
621 3822 709 3876 1890.
743 3839 771 3893 p.
796 3822 834 3874 24
852 3835 934 3896 sqq:
963 3816 999 3873 cf.
1025 3815 1104 3874 infre
1135 3835 1164 3894 p.
1195 3817 1234 3874 44

195 3923 223 3965 n.
248 3909 276 3962 2.
