2814 4642
595 309 807 376 „48-

158 486 353 559 statuamus,
376 479 471 545 certis
494 480 599 545 causis
629 479 830 562 impedimur.
873 479 947 544 Etsi
975 479 1058 543 enim
1080 498 1137 545 sex
1159 479 1239 544 Gra·

160 583 243 663 gorii
265 582 452 651 heuremata
473 582 521 647 ita
543 601 612 647 cum
636 583 790 647 Tatianeo
812 582 956 662 catalogo
984 587 1163 662 congruunt
1185 581 1239 662 (cf.

160 704 191 766 p.
215 686 281 764 47),
304 693 340 749 nt
363 705 400 749 ex
423 685 481 751 boc
503 704 575 750 esse
599 684 811 767 transscripta
832 685 1012 762 uideantur,
1042 691 1149 748 tamen
1171 684 1239 765 pri-

160 807 246 852 mum
271 787 365 868 Greg.
388 789 426 871 55
449 789 532 853 2-7
555 793 588 852 et
611 788 738 853 10-12
760 787 887 852 omnino
909 788 996 867 apud
1019 786 1089 851 Tat.
1113 787 1239 852 deside·

163 896 294 970 rantur;
318 891 434 955 deinde
456 889 654 971 Gregoriana
675 891 819 954 narratio
841 888 1052 971 551.13.14
1083 886 1241 985 copiosior

159 1000 212 1060 est
233 1013 328 1076 quam
351 993 507 1059 Tatianea
529 994 567 1076 55
589 994 740 1072 8.10.4;
763 999 831 1058 tum
855 992 950 1073 Greg.
973 993 991 1074 5
1015 992 1034 1056 8
1057 1010 1239 1073 quanquam

160 1116 222 1162 non
255 1097 426 1174 contraria,
454 1104 561 1161 tamen
595 1096 730 1161 diuersa
755 1103 805 1162 est
834 1115 854 1160 a
884 1095 954 1161 Tat.
978 1094 997 1177 5
1020 1094 1048 1160 9.
1088 1093 1241 1175 Sequitur

162 1219 249 1280 ergo,
272 1205 308 1263 ut
323 1198 497 1280 Gregorius
512 1218 573 1263 non
590 1199 759 1263 Tatianum
775 1197 986 1276 consuluerit;
1010 1203 1240 1278 uerumtamen‚

162 1321 233 1368 curn
257 1303 337 1367 adeo
352 1303 435 1366 inter
451 1321 486 1366 se
501 1302 701 1367 consentiant
717 1301 866 1384 catalogi,
890 1309 1060 1382 utrumque
1074 1319 1113 1366 ex
1129 1301 1239 1367 eodem

165 1406 247 1471 libro
269 1412 451 1487 excerptum
475 1425 545 1471 esse
567 1412 755 1472 statuemus.

249 1508 412 1586 Quaenam
435 1528 511 1573 uero
533 1509 735 1573 necessitudo
764 1508 935 1572 intercedit
961 1508 1046 1571 inter
1068 1506 1240 1572 Clementis

158 1616 195 1676 et
218 1611 346 1675 Tatiani
368 1611 554 1691 catalogos?
597 1610 704 1676 Primo
726 1611 855 1692 quidem
884 1610 998 1675 obtutu
1025 1608 1195 1674 conieceris
1208 1611 1238 1690 1)

161 1713 356 1778 Clementem
380 1732 419 1777 ex
441 1714 497 1791 eis,
520 1731 601 1794 qnae
624 1712 854 1795 Acorpusculo
869 1712 1054 1792 immiscuit,
1074 1711 1240 1776 heurema·

166 1817 210 1880 tis
233 1816 383 1879 nonnulla
412 1816 547 1879 Tatiano
576 1815 736 1893 debuisse,
769 1815 954 1896 conspirant
976 1815 1059 1878 enirn
1082 1813 1178 1881 Clem.
1201 1815 1239 1898 55

170 1920 217 1983 10.
242 1919 270 1982 6.
294 1917 323 1981 5.
347 1919 398 1982 21.
424 1918 473 1981 12.
497 1919 546 1981 11.
568 1919 610 1983 49
641 1935 711 1981 cum
736 1916 806 1981 Tat.
829 1918 867 2000 55
892 1918 919 1980 1.
943 1917 971 1980 2.
997 1918 1024 1980 7.
1049 1917 1098 1981 11.
1124 1919 1240 1983 13.15.

166 2021 214 2084 17.
259 2022 304 2083 At
320 2021 351 2083 in
375 2019 413 2101 55
437 2019 455 2082 7
472 2020 548 2095 ÷9
571 2029 604 2085 et
626 2020 701 2103 513
725 2019 870 2085 Clemens
893 2020 949 2099 eis,
972 2038 1052 2100 quae
1075 2038 1146 2085 cum
1169 2019 1240 2085 Tot.

161 2123 182 2204 5
204 2123 224 2186 3
247 2131 281 2184 et
302 2122 320 2202 5
343 2122 363 2187 8
391 2124 596 2202 congmentia
630 2121 770 2204 profert,
801 2141 883 2187 noua
913 2123 1069 2204 quaedam
1093 2123 1187 2187 addit
1199 2123 1240 2206 ²),

164 2224 251 2289 unde
272 2242 384 2289 rursus
408 2227 582 2290 communis
604 2225 702 2290 fontis
725 2225 865 2305 suspicio
886 2226 997 2290 oritur.

249 2327 405 2391 Tatianus
420 2327 522 2406 igitur
536 2334 568 2392 et
585 2327 728 2393 Clemens
745 2335 777 2391 et
789 2327 963 2408 Gregorius
977 2347 1074 2392 unum
1091 2328 1240 2392 eundem·

160 2446 226 2509 que
258 2428 378 2494 fontem
409 2437 655 2512 usurpauerunt‚
688 2449 725 2494 ex
754 2450 816 2511 quo
848 2450 905 2496 suo
935 2432 1068 2512 quisque
1090 2431 1240 2495 inductus

161 2531 299 2596 arbitrio
322 2533 473 2597 nonnulla
495 2534 657 2599 delibavit.

250 2636 393 2715 Agedum
426 2636 544 2701 certius
567 2637 813 2702 determinemus
834 2637 1030 2718 prouinciam
1054 2636 1148 2701 buius
1170 2633 1240 2700 fon·

162 2738 218 2816 tis,
241 2737 292 2803 cui
314 2738 340 2800 B
362 2737 503 2803 litteram
526 2738 699 2804 inscribere
713 2740 817 2804 liceat.
861 2743 909 2806 Ac
931 2739 1157 2803 Tatianum
1172 2739 1241 2821 qui·

168 2840 240 2905 dem
262 2839 295 2904 in
318 2848 385 2904 tam
407 2859 509 2920 parua
531 2841 637 2921 operis
658 2848 751 2923 parte
772 2843 845 2923 plus
868 2860 932 2906 uno
953 2840 1041 2906 fonte
1063 2841 1242 2922 inspexisse

163 2942 331 3024 probabile
352 2961 414 3007 non
438 2948 504 3008 est:
526 2945 635 3026 itaque
658 2965 697 3010 ne
719 2945 758 3028 55
781 2947 811 3011 9.
836 2947 883 3010 12.
909 2945 950 3009 14
971 2945 1099 3026 quidem
1122 2943 1149 3007 B
1173 2962 1241 3009 cor-

165 3046 299 3126 pusculo
321 3045 583 3127 abiudicabimus,
605 3067 784 3130 quanquam
808 3054 840 3112 et
855 3067 875 3112 a
891 3047 1052 3113 Clemente
1074 3052 1108 3111 st
1128 3046 1243 3111 aGre·

164 3149 254 3230 gorio
274 3151 412 3214 omissae
434 3156 519 3215 sunt.

250 3250 373 3315 Deinde
396 3251 666 3318 clementina
688 3253 927 3335 perlustramus.
962 3252 1084 3317 Homm
1107 3250 1242 3316 efarra-

164 3353 238 3434 gine
260 3353 303 3417 ad
325 3353 352 3418 B
376 3355 595 3437 corpusculum
618 3356 781 3436 pertinent
811 3356 849 3438 55
872 3355 978 3420 6-13
992 3356 1033 3436 3),
1056 3373 1136 3435 quas
1158 3355 1244 3420 inter

251 3526 281 3602 1)
297 3527 345 3586 Ita
360 3527 479 3606 quidem
491 3536 648 3587 senserunt
661 3529 731 3587 inde
743 3549 760 3587 a
771 3531 892 3588 Pottero
905 3528 1072 3604 complures
1083 3527 1141 3587 uiri
1154 3529 1242 3601 docti,

167 3631 242 3690 quos
265 3631 437 3671 enumerare
460 3613 581 3688 longum
604 3625 658 3672 est.

252 3697 284 3775 2)
306 3698 352 3756 De
374 3698 466 3759 Clam.
490 3697 506 3777 5
531 3705 548 3757 8
572 3701 610 3759 cf.
633 3719 721 3775 supra
743 3719 772 3774 p.
795 3704 834 3757 24
850 3720 894 3778 sq.

253 3783 283 3861 3)
307 3785 394 3843 Patet
415 3803 485 3844 sane
507 3785 694 3861 alphabetico
716 3785 876 3844 Clementis
906 3783 1038 3859 catalogo
1061 3783 1138 3842 nibil
1164 3799 1244 3846 oom-

164 3888 253 3926 mune
288 3889 351 3928 asse
390 3863 456 3928 eum
493 3871 634 3930 Tatianea
668 3871 837 3929 narratione
875 3869 934 3928 nisi
965 3867 982 3948 5
1015 3875 1032 3928 b
1064 3860 1245 3947 Ἀἰγύπτιοι
