2782 4642
633 300 867 391 -loo-

212 497 252 580 00
273 486 313 563 91
338 490 371 562 et
403 496 462 562 171
494 495 646 578 „Pisaeus
681 497 855 581 Tyrrheni‘
890 515 966 563 uoce
996 494 1056 561 filii
1087 497 1205 562 omissa
1237 480 1293 579 (ci.

212 599 441 667 Detleiseninm
464 598 484 662 l.
499 598 545 680 l).
589 598 754 665 Accedunt
776 600 873 665 uerba
894 599 1050 682 quaedam
1073 599 1213 666 Graeca:
1236 602 1292 684 §2

212 703 390 786 „diadem
412 701 531 782 regium
556 702 698 784 insigne“
712 701 767 784 (ci.
789 720 886 784 supra
900 721 931 784 p.
946 702 989 768 36
1004 703 1076 768 adu.
1095 705 1138 785 1),
1159 712 1192 769 et
1214 705 1233 788 ξ
1251 707 1290 771 71

213 806 372 888 „fustibus
393 823 473 888 qnos
496 810 611 871 uocant
631 804 838 887 phalangas“.

298 909 347 974 Ex
362 908 468 974 Grae
478 908 538 974 cis
558 907 659 990 igitur
671 904 813 974 lontibus
829 925 983 974 summam
1000 909 1191 974 narrationis
1207 910 1293 975 deri-

213 1019 323 1079 natum
338 1030 409 1078 esse
424 1017 569 1093 apparet,
582 1015 678 1094 atque
692 1010 720 1076 si
735 1010 894 1093 ingentem
911 1015 944 1075 et
959 1010 1166 1079 multilariam
1182 1015 1293 1081 inuen-

214 1123 319 1181 torum
342 1115 466 1196 copiam
487 1113 803 1196 commonuerimus,
826 1112 920 1178 Plinii
935 1119 1080 1180 auctores
1095 1115 1180 1180 haud
1197 1118 1295 1184 dubie

214 1236 402 1301 quaeremus
417 1215 842 1298 interheurematographos.
859 1215 999 1293 Quorum
1015 1219 1141 1282 nomina
1157 1225 1193 1284 ut
1209 1238 1295 1286 com·

214 1321 383 1404 pariamus,
403 1327 567 1385 auctorum
589 1319 663 1384 libri
684 1318 747 1385 VII
769 1320 904 1385 indicem
927 1319 1137 1401 inspiciamus.

301 1423 415 1489 Graeci
437 1431 545 1488 autam
574 1429 729 1503 auctores,
757 1439 838 1503 quos
868 1440 901 1486 se
931 1423 973 1487 ad
1001 1421 1115 1488 librum
1137 1424 1198 1488 711
1220 1446 1294 1493 con-

217 1527 420 1596 scribendum
436 1524 629 1590 consuluisse
644 1523 767 1590 Plinius
782 1522 960 1606 profitetur,
982 1525 1013 1588 iu
1030 1532 1097 1591 tres
1111 1530 1295 1596 summatim

216 1632 335 1697 classes
365 1629 615 1710 distinguuntur.
667 1627 807 1707 Quarum
838 1626 942 1707 prima
971 1664 1013 1674 —-
1045 1636 1119 1694 sunt
1149 1637 1296 1698 auctores

214 1735 288 1800 inde
302 1733 347 1823 ab
359 1731 521 1797 Herodoto
544 1748 643 1813 usque
658 1731 700 1793 ad
714 1729 950 1795 Artemidorum
966 1766 1007 1776 —-
1023 1738 1149 1813 spectat
1162 1736 1205 1799 ad
1220 1733 1296 1813 ¹libri

214 1837 276 1902 VH
298 1840 395 1917 caput
417 1833 591 1900 secundnm
614 1831 857 1915 (7Π10-32),
879 1833 998 1914 quode
1020 1836 1182 1915 „gentium
1198 1836 1297 1903 mira·

214 1939 332 2006 bilibus
353 1935 484 2019 liguris‘
514 1935 645 2000 disserit
674 1933 812 2014 Plinius3
842 1934 944 2000 altera
976 1973 1015 1981 -
1050 1936 1119 2002 dico
1150 1947 1297 2008 auctores

215 2045 290 2108 inde
320 2040 361 2105 ab
392 2037 531 2104 Hesiodo
563 2039 734 2118 usquead
763 2037 1003 2118 Xenophontem
1026 2075 1068 2084 —
1090 2041 1230 2121 pertinet
1253 2045 1297 2110 ad

215 2150 312 2227 caput
333 2143 377 2207 lL
398 2141 474 2221 (711
497 2138 688 2223 153-159),
710 2140 794 2221 quod
816 2147 866 2206 est
894 2141 954 2220 „de
984 2143 1097 2224 spatiis
1119 2144 1206 2210 uitae
1229 2144 1297 2211 lon-

217 2245 441 2329 gissimis“¹);
470 2246 511 2309 dc
540 2245 637 2310 tertia
667 2261 743 2308 uero
772 2243 871 2310 classe
894 2263 976 2310 nunc
997 2248 1178 2312 accuratius
1199 2265 1297 2329 quae-

217 2367 336 2416 ramus.
368 2349 460 2427 Quod
475 2365 537 2428 quo
552 2344 678 2411 facilius
691 2344 759 2427 liat,
781 2348 907 2410 nomina
930 2353 1095 2412 anctorum
1116 2347 1203 2430 locis,
1226 2353 1296 2432 qui-

217 2455 276 2518 bus
299 2453 331 2517 in
348 2452 529 2516 narratione
550 2447 624 2514 libri
645 2448 827 2527 laudantur,
849 2449 986 2530 appictis
1009 2453 1251 2519 transscribam:

304 2553 517 2619 Callimachus
540 2551 601 2616 VH
625 2551 696 2618 152.
739 2551 938 2617 Democritus
969 2552 1029 2616 VH
1053 2552 1124 2620 189.
1169 2556 1296 2638 Diyllua

217 2695 267 2724 -.
302 2657 411 2723 Strato
432 2692 484 2721 —.
515 2654 702 2720 Heraclides
723 2654 784 2718 711
809 2651 878 2719 175.
911 2654 1115 2736 Asclepiades
1138 2696 1189 2723 -.
1219 2658 1295 2726 Phi·

217 2759 423 2843 losiephauns
455 2759 515 2823 VH
546 2757 619 2824 207.
649 2758 721 2822 208.
773 2756 929 2838 Hegesias
956 2758 1021 2823 711
1051 2760 1124 2826 207.
1176 2762 1295 2829 Arche·

218 2864 347 2930 machus
369 2861 523 2928 711207.
546 2860 749 2942 Thucydides
770 2859 832 2924 Vll
854 2861 927 2928 207.
951 2861 1119 2944 Mnesigito
1143 2863 1294 2933 711207.

217 2967 289 3033 208.
325 2966 511 3045 Xenagoras
534 2963 594 3029 Vll
616 2962 689 3028 207.
723 2963 922 3029 Metrodorus
944 2963 1005 3029 vn
1027 2965 1077 3030 89.
1115 2967 1294 3035 Anticlides

217 3071 280 3136 VII
304 3070 373 3137 193.
395 3066 595 3134 Critodemus
617 3066 679 3132 VII
701 3066 772 3132 193.

302 3174 350 3237 Ac
371 3172 508 3253 primum
530 3169 658 3252 quidem
680 3171 839 3235 intereos
862 3168 1181 3252 Callimachum,
1205 3174 1294 3240 cuius

218 3274 462 3342 sententiolam
485 3272 545 3338 Vll
569 3273 630 3340 152
652 3271 778 3354 prolatu
800 3279 860 3355 est,
890 3291 982 3339 suum
1009 3273 1111 3339 locum
1133 3275 1165 3340 in
1188 3277 1294 3344 indice

218 3379 361 3445 obtinere
383 3377 543 3441 Brunnius
565 3375 712 3458 negauit;
743 3394 815 3440 nam
837 3376 1000 3456 ponendus
1021 3383 1092 3442 erat
1122 3384 1196 3444 ante
1219 3398 1294 3446 auc-

221 3534 424 3544 .-.....--

308 3621 337 3699 l)
366 3621 432 3680 Hoc
461 3621 556 3697 capita
586 3621 715 3679 Plinium
745 3640 776 3679 ra
804 3638 876 3679 uera
904 3621 935 3677 in
965 3617 1045 3683 Nat.
1066 3618 1152 3687 Ht'st.
1175 3643 1293 3700 compo-

219 3710 316 3768 nenda
345 3727 409 3766 eam
440 3708 600 3779 rationem,
632 3725 720 3786 quam
751 3708 900 3764 Brunnius
929 3708 1083 3782 patefecit,
1122 3710 1292 3769 adhibuisse

219 3794 450 3854 luculentissime
478 3793 505 3851 ei
535 3793 717 3869 probabitur,
748 3792 799 3872 qui
821 3810 896 3871 quaa
926 3792 1025 3853 Valet.
1050 3795 1128 3854 Max.
1153 3795 1229 3855 VIII
1254 3799 1292 3855 la

219 3881 274 3956 „de
297 3882 466 3938 senectute*
490 3884 592 3938 narrat
613 3877 778 3941 contulerit.
