2782 4642
583 361 797 426 ..68-

154 528 316 594 uidebitur
337 530 559 610 Euhemerum,
590 533 632 595 ad
663 550 755 613 quem
787 536 919 613 propter
941 530 1140 597 Panchaeam
1163 551 1230 596 me-

153 637 307 697 moratam
331 633 427 697 Aeaci
449 625 513 717 εἳρ.
536 632 736 699 referendum
760 633 863 717 est¹)‚
887 634 918 696 in
941 634 1005 697 ista
1019 634 1123 698 insula
1138 654 1231 715 prae·

152 743 201 801 ter
233 735 401 816 Olympum
436 735 635 818 Triphylium
668 735 826 800 effinxisse
857 738 954 800 etiam
986 742 1122 800 montem
1158 737 1232 802 Tasi

153 839 277 902 nomine
300 842 460 917 notatum;
483 837 618 903 alterum
642 838 693 918 „in
718 840 843 904 moute“
866 840 972 904 uerbis
987 839 1126 920 Pangaei
1144 858 1232 904 mon-

154 941 195 1004 tis
218 942 434 1017 admonemur,
461 941 493 1003 in
515 959 577 1019 qno
599 959 711 1006 aurum
736 960 755 1004 a
778 942 896 1006 Cadmo
920 941 1082 1006 inuentum
1106 960 1176 1006 esse
1199 950 1233 1007 et

155 1044 275 1108 Plinius
305 1044 325 1108 1.
349 1044 369 1107 l.
392 1051 424 1107 et
455 1043 599 1109 Clemens
629 1045 647 1126 ξ
676 1045 719 1108 24
749 1045 802 1126 (ci.
825 1065 922 1128 supra
951 1065 982 1125 p.
1005 1045 1060 1127 34)
1090 1046 1231 1110 tradant.

152 1146 360 1227 Inspiciamus
388 1147 487 1225 igitur
524 1147 620 1226 paulo
659 1148 839 1213 accuratius
877 1146 969 1211 Plinii
1000 1148 1232 1212 narrationem:

154 1248 244 1329 „auri
268 1249 399 1311 metalla
427 1256 460 1313 et
488 1247 636 1313 flaturam
661 1247 799 1313 Cadmus
822 1248 962 1314 Phoenix
983 1251 1023 1312 ad
1050 1249 1231 1329 Pangaeum

153 1358 300 1426 montem,
324 1350 435 1415 otalii
459 1350 610 1433 Thoas,
633 1360 688 1416 aut
712 1352 836 1415 Aeacus
858 1352 889 1415 in
913 1351 1073 1416 Panchaia
1096 1360 1153 1416 aut
1179 1352 1232 1416 Sol

156 1453 272 1517 Oceani
294 1452 377 1518 filius
402 1505 408 1517 .
434 1507 440 1519 .
465 1455 493 1518 .“
532 1454 569 1516 In
592 1454 652 1518 hac
673 1449 809 1536 eipecair
831 1454 912 1518 serie
935 1473 1009 1517 num
1033 1454 1231 1534 Thoantis2)

155 1575 267 1620 nomen
294 1561 380 1620 recte
409 1575 477 1620 sese
509 1556 635 1636 habeat,
668 1557 789 1636 dubito,
823 1556 970 1638 quoniam
1002 1557 1084 1620 inter
1113 1556 1232 1620 multos

155 1659 249 1722 huius
281 1659 415 1722 nominis
445 1659 529 1724 uiros
558 1660 663 1724 nullus
694 1668 758 1737 est,
789 1661 839 1723 cui
869 1679 933 1741 qua
964 1661 1004 1723 de
1033 1677 1129 1724 causa
1161 1659 1230 1722 auri

158 1763 277 1825 inuenti
293 1761 362 1824 laus
378 1761 475 1826 tribui
492 1763 640 1844 potuerit,
657 1762 869 1844 intellegatur.
903 1762 1017 1842 Itaque
1032 1761 1232 1826 scribendum

156 1883 315 1946 propono:
338 1864 502 1941 „Thasus“
519 1865 568 1928 uel
585 1865 755 1943 „Thas0s“.
779 1866 872 1946 Apud
888 1865 1089 1929 Herodotum
1103 1867 1133 1944 3)
1150 1865 1233 1929 enim

154 1967 272 2044 11147,
295 1967 350 2031 ubi
373 1968 412 2031 de
428 1966 615 2031 Thasiorum
639 1968 733 2032 rebus
756 1987 858 2032 sermo
881 1976 939 2048 est,
963 1968 1041 2032 haec
1063 1969 1234 2048 leguntur:

156 2071 258 2150 „tauri
289 2069 434 2150 metalla)
462 2067 504 2133 τὰ
534 2065 564 2134 oi
598 2065 747 2147 Φοίνικες
777 2068 909 2153 ἀνεῖρον
942 2065 973 2134 oi
1003 2067 1086 2154 μετὰ
1120 2063 1234 2132 Θάσου

153 2167 323 2247 κτίσαντες
344 2169 401 2257 τὴν
416 2171 513 2258 νῆσον
528 2169 655 2258 ταύτην,
679 2167 750 2260 ἣτις
772 2176 826 2236 νῦν
840 2169 899 2236 ἐπὶ
913 2171 971 2237 τοῦ
991 2168 1103 2236 Θάσου
1117 2168 1234 2236 τούτου

153 2273 209 2338 coi)
237 2271 389 2350 Φοίνικος
410 2274 449 2338 τὸ
472 2271 594 2359 οὔνομα
616 2271 717 2357 ἔσχε,“
741 2295 821 2356 quae
844 2276 943 2340 uerba
964 2274 1032 2341 fieri
1055 2275 1109 2339 uix
1124 2276 1232 2355 potuit

155 2378 229 2458 quin
254 2377 490 2442 heurematicus
512 2377 666 2444 Herodoti
688 2379 803 2442 librum
827 2395 1015 2457 percurrens
1038 2384 1074 2440 ut
1098 2372 1233 2462 ἕρμαιον

154 2481 186 2544 in
220 2479 422 2545 conlectauea
454 2480 617 2546 confestim
650 2482 768 2546 iaceret
797 2479 850 2562 (cf.
881 2498 977 2560 supra
1013 2499 1045 2560 p.
1077 2480 1117 2542 13
1140 2480 1235 2560 sqq.).

156 2581 289 2646 Nomine
321 2590 426 2646 autem
459 2592 599 2648 correcto
630 2584 750 2664 optime
780 2584 863 2646 inter
891 2600 926 2646 se
949 2583 1119 2646 cohaerent
1141 2579 1234 2645 ambo

157 2686 262 2767 primi,
285 2704 363 2768 quos
386 2685 465 2749 Plin.
489 2696 642 2764 recenset,
672 2687 871 2751 inuentores:
904 2683 1063 2764 „Cadmus
1095 2683 1236 2748 Phoenix

157 2791 197 2852 ad
221 2790 402 2870 Pangaeum
425 2796 573 2868 montem,
596 2798 632 2853 ut
647 2788 701 2852 alii
717 2789 866 2867 Thasos“‚
888 2793 979 2851 erant
1002 2787 1083 2850 euim
1099 2784 1235 2865 fratres;

162 2892 277 2955 deinde
299 2896 462 2955 secuntur:
485 2898 559 2970 „aut
582 2892 705 2956 Aeacus
727 2894 757 2981 in
782 2890 941 2955 Panchaia
964 2896 1020 2953 aut
1043 2888 1125 2953 Sol‘.
1149 2889 1235 2966 Quo·

160 3048 315 3055 ...-.-—-.->
329 3047 354 3052 ..-

253 3153 281 3229 1)
305 3152 348 3210 uf.
372 3170 461 3227 supra
483 3171 512 3226 p.
538 3156 554 3207 5
578 3151 644 3207 adn.
668 3155 695 3207 2.
718 3151 806 3224 Apud
830 3149 915 3206 Diod.
939 3149 966 3207 V
989 3154 1027 3205 46
1052 3148 1236 3205 Panchaeam

159 3237 343 3295 metallorum
377 3238 483 3316 quouis
515 3255 622 3310 genere
652 3236 801 3292 abundare
829 3243 973 3307 narratur,
1004 3235 1039 3292 de
1061 3234 1237 3292 inuentione

160 3324 279 3402 quidem
302 3342 402 3381 eorum
425 3342 520 3380 sermo
544 3340 602 3379 non
626 3326 680 3378 est.

245 3409 276 3482 2)
300 3408 475 3487 Requiritur
505 3409 582 3464 haud
612 3407 699 3463 dubie
732 3405 967 3463 inuentoris
998 3423 1114 3474 nomen,
1148 3423 1236 3482 quam

162 3496 198 3552 ob
223 3512 338 3550 oausam
362 3513 420 3551 non
445 3494 594 3550 adsentior
616 3492 769 3550 Knaaokio
793 3511 822 3565 p.
839 3495 898 3547 589
924 3493 988 3547 adn.
1010 3497 1078 3546 lex
1094 3489 1238 3548 Wilamo·

160 3579 253 3639 witzii
278 3579 447 3637 coniectura
468 3579 601 3650 ‚,Thaso“
625 3577 775 3635 scribenti.

248 3664 279 3742 3)
302 3664 347 3723 cf.
372 3666 506 3722 Eustath.
531 3664 566 3721 ad
588 3662 675 3721 Dion.
700 3664 766 3720 Per.
790 3662 867 3730 5173
890 3667 1041 3735 praeterea
1064 3661 1100 3718 de
1122 3660 1240 3718 colonia

161 3751 343 3809 Phoenicum
381 3752 412 3807 in
453 3750 580 3807 Thasum
613 3747 739 3806 insulam
770 3749 895 3805 deducta
927 3747 1043 3824 Scymn.
1075 3751 1237 3824 660sqq.;

163 3836 249 3894 Paus.
274 3837 299 3891 V
324 3841 373 3907 25,
399 3839 454 3906 123
485 3834 622 3910 Apollod.
645 3833 717 3892 bibl.
740 3834 790 3890 III
816 3838 840 3904 l,
869 3838 893 3903 1,
919 3839 953 3904 8;
976 3834 1087 3891 (lonoo.
1112 3834 1168 3904 37;
1195 3865 1240 3875 -

164 3920 262 3980 Odolr.
290 3922 424 3980 Mueller.
452 3917 592 3982 Orchom.
616 3939 647 3982 u.
670 3918 700 3981 d.
723 3916 864 3999 Miaper.
893 3923 971 3976 1844
995 3938 1022 3994 p.
1048 3921 1118 3978 109.
