2782 4642
583 299 795 361 ..93-

163 469 311 552 ruptelam
334 467 492 552 quandam
524 467 676 549 praebent
706 469 849 545 eandem,
878 467 906 533 si
929 468 1061 551 quidem
1085 485 1166 550 quae
1188 466 1229 531 ad

160 571 276 654 llyg.§
302 571 342 637 13
364 571 490 652 protuli,
514 580 600 636 recte
621 572 787 652 disputato
809 579 893 635 aunt.

237 675 283 738 At
316 674 403 738 dicat
434 673 590 754 quispiam
614 680 738 737 exstare
771 671 885 752 locum,
918 690 980 753 quo
1012 672 1231 738 cassiodorius

156 775 355 859 Hyginianae
386 775 561 841 narrationi
592 781 755 857 repugnet.
800 774 1114 841 1100111310111111
1145 776 1231 839 aeris

156 879 300 944 inuentor
322 879 503 943 nominatur
517 878 575 943 Ion
588 879 629 960 ¹),
651 877 835 943 Thessaliae
858 896 923 958 rex,
947 877 1029 961 Hyg.
1046 876 1099 958 §i
1124 885 1229 942 autem

154 982 294 1047 eiusdem
318 980 439 1045 inuenti
462 981 569 1061 palma
591 979 710 1046 Cadmo
732 978 884 1045 defertur.
927 978 996 1056 Quo
1025 998 1063 1044 ex
1085 966 1232 1045 dissensu

155 1083 337 1150 Knaackius
360 1085 530 1149 secundum
555 1102 643 1148 suam
667 1083 856 1147 sententiam
870 1084 902 1165 ²)
927 1083 1139 1167 Hyginianum
1162 1091 1231 1148 tex-

153 1195 221 1251 tum
244 1194 428 1268 corruptum
450 1205 520 1252 esse
543 1196 632 1250 ratus
653 1185 847 1251 heurematis
870 1186 1018 1250 honorem
1035 1186 1154 1253 Cadmo
1177 1187 1231 1250 de·

154 1296 291 1355 tractum
326 1290 367 1351 ad
403 1289 508 1353 Ionem
543 1288 675 1367 detulit,
711 1289 858 1368 quamuis
892 1290 1083 1354 testimoniis
1114 1296 1231 1368 egeret.

154 1392 221 1472 ligo
251 1390 378 1472 quidem
412 1391 558 1470 quonium
589 1389 800 1472 Hyginianam
825 1374 1037 1471 narrationem
1061 1410 1120 1456 non
1144 1392 1232 1474 inep-

153 1504 222 1558 tam
244 1493 376 1558 euioisse
398 1492 474 1557 mihi
497 1493 616 1570 uideor,
647 1494 678 1557 in
701 1490 788 1557 fonte
810 1494 964 1557 communi
989 1529 1028 1539 —
1059 1494 1141 1558 sicut
1162 1512 1231 1559 esse

153 1596 278 1662 solebat
299 1596 329 1660 in
352 1594 442 1660 libris
463 1594 688 1660 heurematiois
712 1633 752 1641 —
774 1606 942 1676 utramque
966 1595 1148 1661 memoriam
1164 1602 1230 1661 tra-

153 1699 255 1762 ditam
279 1695 376 1763 luisse
398 1697 550 1778 suspicor,
582 1715 715 1778 quarum
746 1715 803 1761 suo
832 1697 964 1762 arbitrio
994 1698 1077 1763 alter
1098 1699 1230 1764 alteram

153 1801 299 1880 elegerit.

242 1902 327 1984 Ergo
358 1920 439 1985 quae
468 1901 686 1969 Cassiodorius
726 1903 899 1968 Variacum
932 1903 1021 1968 libris
1052 1903 1232 1983 immiscuit,

153 2007 287 2071 inuenta
309 2006 349 2069 ad
372 2005 551 2086 catalogum
568 2005 781 2089 Hyginianum
804 2006 922 2071 addere
945 2005 1034 2071 nobis
1057 2005 1140 2085 licet,
1162 2006 1233 2088 qui·

154 2109 217 2172 bus
239 2108 413 2172 coniunctis
442 2110 572 2189 propius
602 2109 642 2172 ad
674 2125 869 2173 communem
903 2109 1065 2190 utriusque
1094 2108 1233 2174 auctoris

153 2208 274 2276 iontem
307 2210 503 2274 accedamus
547 2209 660 2291 ltaque
690 2226 815 2288 eorum,
845 2228 927 2291 quae
954 2211 1007 2276 ille
1038 2211 1233 2292 suppeditat,

155 2333 190 2340 ..-

246 2401 276 2477 1)
308 2400 389 2460 Oorr.
423 2401 670 2462 Wilamowituius
702 2420 756 2476 pro
789 2402 934 2474 „Ionos“,
967 2403 1005 2461 01.
1039 2403 1171 2462 Κ1100011.
1205 2423 1235 2479 0.

159 2491 222 2546 588
246 2506 276 2546 n.
304 2490 328 2545 1.

246 2570 276 2648 1)
299 2572 433 2631 00010011
454 2571 533 2628 0111111
555 2570 603 2629 011
626 2571 728 2629 doctus
750 2570 966 2630 cassiodorium
991 2572 1161 2631 heuremuta
1183 2593 1235 2631 000

157 2659 224 2735 1000
247 2678 286 2715 ex
308 2657 480 2735 Hyginiano
503 2655 635 2729 catalogo
659 2657 884 2734 deprompsisse,
915 2658 965 2736 qui
990 2665 1154 2733 temporum
1179 2659 1234 2715 ini-

157 2742 272 2822 quitate
295 2743 457 2801 miserrime
479 2742 613 2800 foedatus
635 2761 714 2800 nuno
736 2742 855 2821 quidem
880 2743 972 2801 uastis
996 2743 1093 2802 hiaret
1114 2743 1236 2802 lacunis.

159 2828 255 2891 Quam
278 2829 313 2886 ad
337 2827 507 2902 opinionem
529 2847 565 2885 00
586 2827 649 2885 0010
670 2846 758 2886 00000
778 2828 916 2887 inductus
939 2835 991 2901 est,
1015 2831 1092 2907 quod
1109 2836 1140 2887 01
1156 2830 1236 2906 Hyg.

158 2911 177 2992 ς
199 2919 217 2971 9
241 2918 272 2972 01
294 2913 372 2972 (lasa.
395 2932 456 2971 uar.
478 2912 522 2970 IV
547 2918 585 2970 34
609 2913 677 2971 Indi
700 2931 808 2971 nomen
830 2919 999 2990 corruptum
1022 2932 1085 2974 ease
1109 2916 1234 2990 putauit.

160 3003 202 3058 At
229 2999 304 3058 falso
338 2998 536 3058 insimulatam
569 3017 632 3057 esse
666 2999 846 3070 memoriam,
880 3018 967 3077 quarn
1001 2999 1081 3076 Hyg.
1104 3002 1235 3059 010000.

160 3085 288 3156 madunt,
312 3102 401 3160 supra
423 3104 449 3160 p.
475 3088 515 3142 69
531 3103 574 3162 sq.
597 3086 721 3159 probare
744 3092 866 3143 conatus
888 3104 961 3156 sum,
984 3091 1136 3160 praeterea
1158 3105 1235 3145 corn·

161 3171 258 3228 munis
288 3171 455 3245 corruptela
484 3170 627 3248 quaedam
659 3169 746 3228 ctiam
776 3170 819 3228 ita
848 3170 990 3245 explicari
1020 3177 1126 3246 potest,
1156 3180 1190 3230 ut
1220 3190 1236 3230 e

162 3256 309 3314 communi
332 3255 414 3314 101110
440 3256 600 3316 deducatur
623 3253 711 3331 (siout
732 3256 796 3332 ipae
818 3256 874 3313 feci
898 3257 928 3312 in
952 3256 1031 3332 Hyg.
1055 3255 1071 3334 S
1098 3260 1135 3315 13
1161 3265 1236 3315 trao-

163 3341 246 3417 1010),
271 3360 339 3398 nam
369 3346 503 3400 ueterum
525 3341 582 3398 iam
605 3339 696 3398 libros
722 3341 837 3398 mendis
859 3341 1045 3399 librariorum
1068 3342 1239 3421 inquinatos

162 3427 254 3486 fuisse
277 3445 363 3484 nemo
387 3426 489 3485 nascit.
533 3425 590 3484 Illo
613 3427 1237 3501 00100101000101110101110100111111001οῐ,

163 3511 222 3571 nisi
236 3512 315 3591 quod
327 3512 527 3570 Cassiodorius
542 3530 649 3569 nouem
664 3511 788 3570 inuenta
802 3519 1017 3583 commemorat,
1035 3531 1111 3591 quae
1127 3514 1236 3571 eisdem

163 3599 225 3656 1010
248 3597 348 3656 uerbis
376 3597 408 3655 in
436 3597 515 3674 Hyg.
540 3597 670 3670 catalogo
702 3603 868 3655 narrantur.
912 3596 1021 3655 Tamen
1053 3617 1111 3656 non
1143 3598 1236 3656 solum

164 3684 194 3741 in
217 3683 342 3757 singulis
364 3684 538 3763 quibusdam
561 3683 635 3760 (nar.
662 3682 709 3740 111
734 3687 771 3740 51
796 3683 833 3740 01.
850 3683 929 3760 Hyg.
953 3681 969 3759 5
998 3688 1049 3752 10;
1072 3702 1134 3742 nar.
1158 3685 1173 3741 Ι
1197 3689 1235 3740 30

164 3769 238 3848 [uid.
249 3788 338 3845 00010
352 3789 381 3844 p.
394 3767 450 3848 el]
464 3769 502 3828 01.
513 3765 619 3846 Hyg.§
635 3767 688 3843 30)
702 3767 754 3826 ille
769 3767 836 3843 plus
852 3768 975 3826 exhibet
990 3786 1076 3846 quam
1091 3769 1236 3845 Hyginus,

165 3855 215 3916 aed
237 3855 319 3915 addit
341 3855 430 3914 etiam
452 3853 592 3916 tredecim
616 3855 747 3926 inuenta,
770 3871 846 3932 quaa
868 3854 946 3928 apud
969 3853 1049 3933 Hyg.
1072 3855 1187 3918 desunt.
