2782 4642
168 1596 362 1674 Fragmenta
384 1611 492 1658 eorum
515 1611 594 1674 quos
616 1592 730 1659 Graeci
753 1592 832 1678 περὶ
853 1587 1040 1679 εἰρημάτων
1062 1595 1161 1676 scrip-

80 1702 192 1761 serunt
214 1696 366 1760 librorum
388 1702 556 1778 postquam
586 1695 660 1760 olim
691 1695 814 1761 Ionsius
829 1698 858 1778 l)
889 1703 922 1762 et
944 1697 1163 1776 Fabricius²)‚

83 1804 193 1862 nostra
209 1805 317 1864 aetate
332 1797 505 1862 Muellerus
518 1799 549 1880 3)
559 1799 744 1880 conquirere
759 1805 939 1880 coeperunt,
957 1797 1163 1878 Christopho-

82 1918 137 1965 rus
155 1901 333 1965 Brusskem
345 1901 377 1983 4)
400 1906 432 1965 et
446 1900 566 1968 Paulus
582 1899 751 1965 Eichholtz
762 1901 794 1982 1)
816 1901 1029 1982 peculiaribus
1045 1902 1163 1965 disser-

81 2003 258 2067 tationibus
274 2004 315 2067 de
330 2002 389 2066 hoc
403 2002 585 2067 litterarum
599 2021 715 2084 genere
731 2003 987 2082 disputauerunt.
1017 2001 1163 2069 Concedo

80 2122 133 2168 eos
154 2122 263 2168 ornnes
276 2107 308 2185 6)
330 2104 481 2186 reliquias
504 2106 709 2188 congessisse,
731 2123 946 2187 quascumque
970 2105 1061 2171 libris
1084 2104 1163 2190 περὶ

154 2315 198 2454 71)
220 2307 273 2373 De
294 2310 443 2390 scriptor.
457 2310 609 2375 historiae
618 2311 868 2392 philosophicae.
893 2315 937 2371 ed.
952 2313 1045 2372 Dorn.
1073 2314 1161 2373 1716.

165 2481 196 2558 2)
226 2478 377 2544 Biblioth.
406 2477 464 2543 Gr.
489 2483 534 2539 ed.
558 2482 673 2542 Harlos.
697 2483 731 2541 II
754 2483 861 2558 (1791)
890 2503 919 2558 p.
946 2486 1005 2542 150
1030 2504 1076 2556 n.;
1110 2486 1160 2543 III

79 2567 189 2643 (1793)
212 2587 241 2642 p.
265 2571 337 2626 449.
370 2567 467 2626 Etiam
483 2566 607 2627 Vossius
630 2566 668 2630 de
689 2565 797 2630 astar.
817 2564 931 2631 Graec.
954 2568 1012 2646 (cd.
1028 2570 1160 2628 Westor·

80 2672 179 2711 mann.
206 2655 302 2725 1838)
323 2653 481 2730 plorasque
509 2653 653 2711 librorum
675 2674 707 2712 π.
731 2646 790 2730 εὕρ.
814 2655 990 2729 scriptorum
1020 2654 1160 2732 reliquias

80 2738 234 2798 indicauit.
279 2737 322 2796 cf.
347 2745 500 2813 praetcrea
522 2739 706 2797 Lobeckium
727 2736 939 2820 Aplaoptsam.
960 2759 990 2814 p.
1016 2743 1085 2798 168.

168 2822 200 2900 s)
230 2822 313 2882 uuo
335 2823 352 2881 Ι
373 2843 402 2898 p.
428 2824 562 2901 arasq.;
595 2823 630 2882 11
651 2844 679 2899 p.
706 2828 778 2895 rar,
807 2830 884 2897 sos,
915 2826 965 2883 111
986 2844 1015 2899 p.
1039 2830 1079 2882 aa
1096 2845 1158 2904 sq,

85 2909 126 2966 lV
148 2929 178 2984 p.
202 2913 264 2966 489
281 2928 356 2986 sqq,
380 2913 450 2966 692.

167 2994 198 3070 4)
222 2989 274 3054 De
294 3011 403 3055 rerum
423 2992 632 3056 incautorum
653 2993 864 3074 scriptoribus
882 2992 1025 3057 Graecis.
1063 2997 1158 3055 Bonn.

87 3084 176 3140 1864.
201 3099 229 3153 p.
256 3082 367 3137 1-23.
410 3079 508 3136 Unum
531 3081 727 3154 fragmentum
750 3099 767 3137 a
789 3081 986 3138 Brusskornio
1010 3082 1159 3159 omissum,

80 3164 216 3242 quamuis
232 3163 385 3223 Fabricius
400 3163 420 3222 1.
435 3165 455 3222 1.
472 3164 521 3221 III
543 3185 572 3240 p.
588 3170 649 3223 449
672 3166 769 3224 locum
785 3167 843 3223 iam
859 3165 1047 3239 laudauisset,
1070 3167 1158 3226 Eich-

79 3248 210 3308 holtzius
232 3269 263 3324 p.
286 3253 325 3307 29
348 3249 494 3307 exhibuit.

167 3335 198 3412 5)
222 3330 275 3395 De
295 3332 505 3413 scriptoribus
534 3331 601 3411 περὶ
624 3327 805 3411 εὑρημάτων.
829 3335 923 3394 Halia.
952 3335 1041 3393 1867.
1064 3357 1093 3411 p.
1118 3343 1157 3395 24

81 3425 174 3477 -39,
208 3419 412 3478 Eiohholtaius
433 3439 499 3478 cum
514 3421 702 3479 Brusslrsrnii
725 3421 961 3480 dissertationem
983 3421 1158 3495 ignorasset,
1271 3444 1275 3452 ’

81 3507 184 3563 eadem
205 3505 268 3563 fere
289 3505 439 3564 iterauit.-

166 3590 198 3666 6)
221 3592 361 3649 Attamen
384 3610 443 3648 non
466 3589 549 3648 nulla
569 3590 600 3647 in
629 3591 676 3648 his
698 3589 953 3650 dissertationibus
975 3592 1158 3649 emendanda

80 3682 156 3734 sunt.
202 3679 282 3734 Ante
306 3676 405 3733 omnia
434 3695 449 3733 e
473 3676 705 3735 Brusslrerniano
738 3675 1089 3750 heurematographorum
1112 3696 1158 3735 re·

81 3780 172 3820 censu
198 3761 375 3835 relegandus
405 3766 458 3834 est,
488 3780 575 3839 quem
607 3766 755 3836 postremo
791 3761 857 3818 loco
885 3781 914 3837 p.
942 3764 982 3818 22
1012 3762 1157 3836 producit,

80 3847 205 3919 „titulus
221 3846 484 3906 Constantinianus
506 3845 549 3913 τίς
571 3844 599 3902 τί
614 3841 739 3921 lessam.
775 3845 832 3904 His
855 3845 933 3904 enim
949 3847 1056 3918 uerbis,
1080 3866 1156 3924 quae
1253 3917 1256 3922 .

80 3933 112 3989 iu
143 3931 202 3990 fine
231 3931 300 3989 libri
323 3922 466 3989 XXXIX
497 3927 719 3993 Historiarmn
748 3931 865 4007 Polybii
895 3930 1048 4006 leguntur,
1080 3932 1156 3989 nihil

957 4039 969 4091 1
1123 3978 1253 4145 prb
