2782 4642
528 345 741 412 ...13⁴

91 521 304 599 agrestem
328 515 380 600 (11.
404 514 486 598 Hyg.
502 518 521 598 ξ
536 517 592 599 25)
615 516 755 584 fistulam
778 520 947 601 inuenisse,
971 519 1041 600 ipse
1066 512 1174 609 ἀγροί-

91 727 232 803 poneret.
277 721 395 786 Tamen
412 722 542 786 consilio
558 722 626 787 eius
641 742 700 787 non
718 724 863 789 conuenit
880 725 940 789 nisi
964 723 1064 789 barb
1075 743 1173 790 arus

92 824 143 890 uel
166 823 302 906 populns
325 824 376 890 uel
398 824 501 888 homo.
544 825 593 888 Ex
615 825 761 891 barbaris
784 832 891 891 antem
913 827 969 891 alii
990 826 1069 892 ahos
1083 825 1173 892 fistu-

91 928 142 991 lae
171 927 353 993 incentores
383 927 568 992 uenditant:
599 927 677 992 Poll.
707 928 752 992 IV
774 930 831 1009 'll;
864 929 961 995 Glem.
993 928 1043 993 Al.
1072 929 1172 1010 §343

94 1030 212 1094 Athen.
233 1029 281 1093 IV
303 1049 333 1110 p.
359 1029 449 1095 1842.
473 1065 515 1076 -

179 1150 198 1231 ξ,
224 1147 272 1214 15.
316 1149 384 1213 Iam
416 1149 593 1230 Aeschylus
623 1150 732 1216 tubam
763 1155 925 1232 nuncupat
958 1145 1171 1237 depopulosa:

95 1251 187 1315 Eum.
211 1250 296 1331 5673
320 1243 383 1335 εὕρ.
407 1256 568 1316 testantur
591 1251 726 1317 Diod.V
749 1253 809 1332 403
832 1252 911 1317 Poll.
932 1252 978 1318 IV
1000 1253 1051 1334 85,
1074 1252 1113 1319 cf.
1129 1253 1174 1318 IV
1263 1278 1266 1285 ·

94 1355 152 1432 763
175 1353 290 1418 Athen.
313 1353 357 1417 IV
380 1373 411 1434 p.
429 1353 519 1432 18423
543 1353 756 1434 copiosissime
778 1359 885 1419 autem
909 1356 948 1420 de
970 1355 1048 1421 tuba
1072 1355 1172 1437 loqui-

92 1460 152 1522 111
169 1454 274 1521 Schol.
298 1456 390 1521 Hom.
416 1460 445 1518 Σ
464 1456 536 1536 219,
560 1454 598 1522 11.
622 1455 723 1522 Schol.
747 1457 841 1537 Soph.
864 1457 914 1522 Ai.
933 1459 971 1523 17
994 1457 1114 1540 Papag.
1131 1493 1171 1503 -

178 1576 197 1656 ξ
222 1577 271 1640 16.
307 1575 387 1641 Plin.
419 1595 448 1640 n.
479 1577 509 1639 h.
532 1575 593 1639 Vll
618 1576 678 1640 197
695 1594 761 1657 sq.;
793 1575 896 1641 Schol.
928 1576 1021 1642 Hom.
1043 1581 1078 1640 K
1098 1579 1172 1644 439.

93 1677 282 1742 Deriuatnm
314 1682 364 1742 est
392 1678 452 1743 hoc
484 1670 549 1763 εἵρ.
571 1698 609 1743 ex
637 1679 683 1742 eis
713 1679 898 1744 recentioris
928 1687 1016 1744 ortus
1046 1678 1173 1756 fabulis,

92 1779 208 1860 quibus
232 1778 384 1861 Cyclopes
412 1780 542 1860 opifices
572 1779 699 1845 ferrarii
721 1780 916 1860 Vulcanique
945 1781 1082 1845 ministri
1104 1797 1173 1844 esse

94 1887 193 1963 atque
214 1879 285 1946 Ioui
305 1879 439 1946 fulmina
453 1881 662 1948 fabricanisse
678 1881 904 1947 narrabantur:
928 1882 1074 1962 Apollod.
1095 1881 1171 1948 bibl.

95 1984 112 2046 I
135 1983 166 2062 2,
191 1986 223 2064 1,
245 1983 284 2062 33
306 1982 381 2047 Eur.
405 1983 472 2049 Alc.
495 1982 532 2062 53
555 1984 595 2048 al.
619 2020 661 2029 -

179 2103 261 2185 §17
294 2107 330 2168 ut
363 2111 448 2168 recte
478 2105 734 2186 interpretemur,
766 2105 896 2186 paulum
927 2106 1171 2187 exspatiandum

93 2211 152 2272 111.
199 2206 296 2287 Apud
327 2206 475 2272 Eustath.
498 2208 540 2271 ad
562 2207 599 2271 ll.
621 2226 652 2289 p.
667 2209 740 2287 228,
762 2209 783 2273 2
806 2209 958 2290 legimus:
981 2207 1021 2272 ab
1044 2207 1100 2286 eis,
1116 2208 1172 2286 qui

93 2310 133 2372 de
155 2307 337 2373 Palamedis
359 2308 554 2374 heurematis
577 2311 772 2392 scripserint,
795 2312 1013 2376 testimonium
1035 2306 1172 2390 proferri

91 2410 194 2476 solere
229 2409 393 2492 Sophoclis
423 2411 527 2478 locum
562 2412 721 2494 quendam
750 2412 803 2494 (fr.
825 2413 888 2479 438
911 2411 1079 2493 11111111),
1108 2428 1170 2490 quo

91 2513 150 2578 illa
172 2514 330 2594 expressis
352 2513 458 2579 uerbis
481 2519 774 2580 commemorantur.
818 2514 961 2579 Eandem
984 2515 1051 2580 sine
1074 2514 1171 2580 dnbio

92 2616 249 2680 rationem
280 2615 342 2697 ipsi
375 2615 677 2696 heurematographi
708 2615 933 2682 adhibuerunt.
977 2615 1058 2681 Nam
1089 2616 1172 2681 sicut

91 2735 211 2798 omnes,
240 2718 429 2800 quicumque
458 2719 501 2781 ad
529 2717 695 2783 historiam
718 2718 918 2783 scribendam
941 2737 975 2783 se
997 2719 1170 2798 applicant,

93 2820 143 2884 ita
164 2839 218 2885 eos
240 2839 374 2902 quoque,
396 2821 450 2902 qni
473 2821 672 2885 inuentorum
696 2820 846 2886 historiae
862 2839 990 2902 operam
1013 2821 1170 2885 studium-

92 2940 155 3001 que
169 2930 334 3002 nauarent,
356 2923 504 3004 primum,
527 2929 563 2986 ut
578 2921 741 2988 materiem
758 2930 973 3004 congererent,
989 2923 1169 2988 litterarum

92 3024 303 3090 monumentis
315 3024 453 3090 euolutis
463 3025 559 3105 locos,
574 3024 824 3105 quibuscumque
836 3024 1023 3090 heuremata
1039 3030 1170 3090 narrata

91 3133 209 3207 essent,
230 3126 405 3208 conlegisse
427 3132 670 3190 consentaneum
693 3127 796 3205 est1).
840 3125 878 3190 Id
906 3127 989 3207 quod
1013 3128 1108 3191 etiam
1132 3146 1171 3192 ea

180 3389 210 3464 l)
234 3388 364 3445 Eandem
388 3388 466 3445 uiam
482 3386 606 3460 ingressi
624 3391 693 3445 sunt
708 3386 765 3443 uiri
782 3386 871 3458 docti,
894 3385 945 3464 qui
961 3385 1076 3445 sacculo
1092 3386 1169 3446 XVI

91 3475 247 3531 derorum
276 3472 484 3532 inuentoribus
512 3471 604 3529 libros
632 3472 796 3531 ediderunt.
841 3472 1060 3543 (longesserunt
1090 3472 1169 3528 enim

91 3559 200 3617 iudicio
223 3577 283 3616 non
306 3557 451 3633 adhibito,
480 3575 684 3636 quaecumque
714 3558 792 3631 apud
820 3562 936 3615 ueteres
959 3555 1086 3615 Graecos
1110 3559 1168 3614 Ro-

91 3662 252 3722 manosque
275 3645 311 3700 de
333 3644 421 3701 rebus
438 3642 569 3701 inuentis
592 3646 711 3700 narrata
725 3642 866 3715 legerant.
898 3642 934 3698 In
950 3642 1061 3700 nostris
1076 3642 1168 3716 igitur

92 3729 315 3806 quaestionibus
337 3727 447 3786 nullius
469 3728 558 3803 pretii
581 3734 651 3785 sunt
681 3733 711 3786 et
732 3746 852 3802 prorsus
874 3727 974 3801 inepte
996 3726 1093 3797 faciet,
1117 3727 1168 3804 qui

91 3813 158 3872 illos
179 3819 314 3872 auctores
336 3814 367 3870 in
390 3813 592 3871 testimonium
615 3811 775 3883 uocauerit,
798 3812 827 3869 id
851 3811 1062 3890 quodquidam
1080 3811 1167 3870 etiam

92 3906 193 3957 nostra
215 3903 310 3958 aetate
334 3917 556 3976 nonnumquam
578 3899 687 3957 factum
711 3916 774 3956 1111
806 3896 877 3955 uidi.
923 3899 1052 3955 Ioannes
1073 3896 1168 3957 Beck-

91 641 168 695 κους
190 618 400 697 substituerit,
428 637 507 698 quos
529 618 659 685 Graecis
691 620 820 686 urbanis
842 627 939 703 atque
961 622 1096 688 eruditis
1118 642 1173 704 op·
1290 596 1323 647 7
