2782 4642
580 439 622 452 ...
665 388 792 473 8γ“.--

152 592 219 640 esse
242 576 398 640 adnexum
424 574 585 655 heorema,
607 577 707 642 itaut
731 597 769 644 ex
792 577 921 644 inuento
936 585 1101 660 repetatur
1125 572 1231 643 αἴτιον

153 677 265 756 moris3
289 677 407 743 similia
429 679 467 760 ἓξ
490 679 530 743 27
553 685 587 742 et
609 679 651 745 36
667 680 875 759 continentur,
899 699 980 762 quae
995 680 1047 746 uel
1070 682 1113 746 ad
1129 682 1228 746 aetio-

152 780 253 859 logica
282 779 332 844 uel
363 781 404 845 ad
427 781 636 863 antiquitates
667 786 821 863 spectant.
868 786 914 847 Ae
936 782 1029 847 simul
1052 783 1147 848 iidem
1170 784 1229 849 loci

154 880 254 946 fusius
276 883 466 963 pertractati
482 887 565 963 sunt,
589 902 683 966 qoam
706 885 737 948 in
755 885 907 965 catalogis
922 886 1148 952 heurematicis
1162 885 1229 951 fieri

153 984 252 1064 solet,
283 985 356 1066 quin
389 987 484 1052 etiam
516 986 535 1069 ξ
566 987 605 1053 18
637 988 691 1070 (de
721 989 896 1069 Agnodicel
928 988 1095 1053 exhibetur
1122 987 1231 1055 fabula

153 1087 490 1177 heurematographica
513 1089 730 1170 copiosissima
759 1109 796 1156 ae
826 1090 917 1172 pleno
940 1091 1049 1156 ordine
1071 1096 1228 1157 enarrata.

153 1189 237 1254 Illud
261 1198 367 1256 autem
392 1191 529 1270 catalogi
553 1192 724 1273 Hyginiani
755 1212 833 1273 prae
853 1193 967 1258 ceteris
988 1193 1148 1274 proprium
1172 1202 1230 1276 est,

153 1291 212 1356 hoc
233 1298 400 1374 praeterea
423 1292 490 1358 solo
512 1294 543 1357 in
566 1293 710 1375 catalogo
726 1294 872 1375 Gregorii
889 1293 966 1361 Naz.
982 1295 1231 1377 deprehenditur

155 1394 207 1476 (ἓξ
229 1395 250 1460 8
272 1401 306 1460 et
329 1397 391 1474 10).

240 1497 350 1576 Quid?
379 1516 480 1562 nonne
510 1500 572 1564 iam
596 1518 633 1564 eo
654 1501 867 1582 peruenimus‚
898 1507 933 1564 ut
955 1499 1134 1581 disceptare
1157 1520 1230 1582 pos·

156 1601 262 1678 simus,
285 1617 365 1680 quae
387 1601 586 1665 necessitudo
608 1602 785 1667 intercedat
807 1602 890 1667 inter
906 1608 1002 1682 caput
1017 1602 1081 1669 274
1096 1610 1129 1667 et
1143 1605 1230 1670 2777

158 1701 270 1766 Adhuc
300 1702 383 1766 enim
414 1702 475 1767 uiri
507 1703 592 1768 docti
625 1705 707 1769 hanc
736 1704 950 1785 quaestionem
974 1704 1229 1771 non‘soluerunt.

157 1804 326 1869 Schneider
348 1805 486 1887 quidem,
509 1805 563 1888 qui
578 1809 825 1872 controuersiam
842 1807 942 1872 mouit
957 1805 1011 1888 (oi.
1026 1805 1132 1889 inira),
1152 1808 1230 1875 haec

154 1907 260 1989 capita
293 1926 352 1972 oon
386 1908 527 1973 eiusdem
558 1909 689 1992 originis
726 1929 796 1976 esse
830 1911 1001 1977 contendit.
1056 1910 1231 1975 Bursianus

155 2015 269 2090 autem;
293 2027 470 2091 quanquam
495 2009 677 2077 Schneideri
701 2013 890 2078 sententiam
905 2017 992 2078 recte
1015 2011 1140 2093 refellit,
1162 2030 1228 2077 am·

156 2111 255 2176 bobus
298 2111 457 2193 capitibus
495 2131 590 2179 unum
625 2113 705 2181 effici
743 2133 856 2198 corpus
895 2133 955 2180 non
989 2115 1230 2182 demonstrauit.

155 2215 271 2280 Tamen
294 2212 443 2280 facillime
465 2215 566 2283 euinoi
589 2222 703 2297 potest
747 2216 857 2282 Indole
871 2217 965 2299 enim,
987 2216 1115 2298 qualem
1137 2218 1230 2283 modo

158 2317 320 2398 descripsi,
342 2335 410 2399 cap.
433 2317 497 2382 274
519 2323 552 2384 et
574 2336 641 2400 cap.
665 2318 727 2385 277
750 2319 833 2383 inter
854 2337 889 2385 se
912 2318 1072 2384 simillima
1102 2324 1231 2384 suntet

156 2420 302 2501 inprimis
325 2421 512 2485 monendum
535 2426 593 2498 est,
615 2438 697 2501 quae
719 2421 918 2502 Hyginianae
943 2421 1135 2487 namationis
1157 2439 1229 2502 pro·

154 2523 224 2603 pria
246 2528 331 2604 sunt,
355 2521 425 2587 dico
446 2541 528 2603 quae
550 2525 593 2588 ad
608 2523 797 2602 aetiologica
818 2528 851 2586 et
872 2524 913 2590 ad
929 2523 1138 2604 antiquitates
1159 2541 1230 2605 per-

155 2624 266 2702 tinent,
296 2625 365 2705 pari
398 2624 652 2707 modoreperiri
683 2625 714 2690 in
747 2643 815 2708 cap.
839 2626 903 2692 274
923 2625 978 2709 (§§
1000 2627 1028 2690 2.
1052 2625 1109 2708 27)
1131 2632 1228 2706 atque

153 2726 185 2790 in
217 2743 285 2809 cap.
317 2727 379 2793 277
411 2728 444 2809 (ξ
472 2728 536 2810 36).
582 2728 715 2794 Accedit
744 2729 832 2794 aliud
863 2728 1032 2810 quoddam.
1084 2728 1229 2810 Namque

155 2846 335 2910 quanquam
358 2834 460 2895 totum
475 2829 543 2895 fero
558 2830 695 2911 catalogi
716 2835 937 2912 argumentum
960 2848 978 2895 e
993 2829 1123 2896 Graecis
1137 2829 1228 2895 iabu-

153 2932 193 2996 lis
225 2932 386 3013 manauit,
416 2938 576 2998 auctorem
608 2933 705 2998 etiam
738 2934 881 2998 Romana
914 2933 1058 2999 doctrina
1087 2930 1229 2998 hortulos

153 3052 228 3099 suos
250 3034 433 3115 irrigauisse
455 3043 605 3116 apparet:
633 3036 694 3102 hae
717 3043 823 3100 autem
846 3035 1043 3101 narrationes
1065 3037 1228 3101 Romanae

155 3154 213 3200 non
238 3136 338 3201 solum
356 3138 636 3219 deprehenduntur
657 3139 689 3202 in
711 3136 776 3204 lab.
790 3138 854 3203 274
875 3137 929 3221 (ἕξ
944 3137 994 3202 27.
1016 3137 1067 3203 28.
1089 3138 1156 3221 30),
1171 3139 1228 3204 sed

157 3240 254 3305 etiam
276 3240 308 3304 in
331 3238 394 3306 fab.
417 3240 480 3305 277
503 3241 557 3324 (ἐξ
578 3242 618 3307 31
628 3252 648 3308 ².
670 3241 741 3307 31¹².
764 3241 832 3307 31¹.
856 3240 921 3322 36).

238 3342 323 3425 Ergo
354 3340 420 3408 fab.
449 3343 514 3408 274
542 3349 576 3408 et
604 3341 668 3409 lab.
692 3345 754 3409 277
784 3343 928 3425 separari
951 3348 1119 3425 nequeunt.
1162 3343 1227 3409 Nec

154 3463 229 3511 uero
252 3445 427 3511 diiudicare
449 3446 540 3511 nobis
561 3446 646 3526 licet,
668 3453 775 3510 utrum
791 3450 888 3528 caput
902 3447 1157 3528 praeponendum
1174 3446 1225 3511 sit.

153 3549 214 3613 Sed
238 3548 372 3612 concedo
394 3549 537 3614 arridere
552 3547 630 3613 mihi
645 3547 837 3614 sententiam
853 3546 1031 3627 Schmidtii,
1053 3548 1107 3630 qui
1123 3548 1226 3613 conie-

154 3652 198 3717 cit
220 3656 317 3731 caput
338 3650 400 3716 277
423 3650 498 3716 olim
520 3651 683 3716 exordium
705 3650 804 3716 totius
818 3649 956 3732 catalogi
970 3648 1069 3715 fuisse
1083 3648 1137 3732 (ci.
1153 3652 1225 3716 adn.

152 3755 192 3818 ad
215 3752 279 3819 lab.
301 3753 389 3835 277).
424 3754 492 3818 Hoc
514 3755 595 3819 enim
620 3755 712 3819 modo
735 3754 761 3818 si
777 3753 886 3835 capita
900 3753 1125 3832 coniunximus‚
1148 3753 1227 3818 ordo

153 3857 238 3920 haud
260 3856 307 3921 ita
322 3854 508 3921 abhorrete
524 3855 661 3921 Pliniani
676 3855 814 3938 catalogi
829 3855 948 3921 ordine.
983 3856 1019 3920 In
1034 3873 1097 3936 quo
1112 3872 1224 3937 agmen

151 3959 271 4024 ducunt
293 3958 423 4023 deornm
452 3957 647 4040 heuremata,
677 3977 759 4042 quae
790 3957 951 4040 excipiunt
971 3957 1115 4024 litterae:
1138 3959 1225 4043 apud
