2782 4642
526 367 739 430 ‚79-

97 553 186 617 quam
209 535 304 600 facile
326 536 530 601 Romanus
552 541 664 602 auctor
687 538 796 603 Parcis
818 538 991 619 primordia
1013 539 1172 604 scribendi

95 637 280 721 litterasque
309 639 455 703 inuentas
485 639 657 720 adsignare
686 641 835 722 potuerit,
867 660 958 706 nemo
979 641 1171 707 heuremati-

94 759 200 806 corum
224 741 402 806 studiorum
424 742 547 823 peritus
570 760 630 806 non
654 742 828 826 intelleget.
852 744 1038 809 (iurantem
1061 743 1115 808 ille
1131 746 1171 809 de
1242 756 1244 760 '

94 848 215 924 septem
239 845 325 910 dicat
354 845 490 924 litteris,
523 864 583 909 non
617 846 785 927 intellego,
815 846 874 910 nisi
902 848 1027 911 omnino
1049 852 1171 928 septem

91 945 217 1012 litteras
252 949 373 1028 primas
409 949 555 1013 inuentos
594 967 664 1013 esse
702 949 854 1030 coniecit,
893 949 1008 1031 quibus
1045 957 1169 1015 ceterae

91 1048 243 1131 deinceps
265 1052 476 1116 adderentur:
510 1069 604 1131 quam
634 1050 732 1116 luisse
756 1051 842 1116 illius
866 1055 1055 1118 sententiam
1077 1071 1115 1116 ea
1138 1071 1172 1115 re

92 1151 228 1215 indicari
259 1153 397 1233 uidetur,
428 1156 512 1231 quod
538 1154 648 1217 statim
674 1155 706 1236 (ξ
731 1154 804 1237 310)
827 1155 970 1220 exhibet:
1006 1154 1170 1237 „Palame-

90 1253 150 1318 des
173 1303 180 1317 .
206 1302 213 1316 .
237 1304 244 1318 .
267 1255 389 1319 inuenit
412 1305 419 1318 .
444 1305 482 1320 ..
515 1255 641 1320 litteras
670 1257 843 1322 undecim“.
881 1257 941 1322 His
972 1257 1055 1321 enim
1087 1276 1171 1322 com-

89 1356 219 1435 putatis
242 1376 391 1421 numerus
417 1358 455 1424 18
479 1358 658 1424 litterarum
688 1357 834 1439 efficitur,
865 1379 956 1441 quem
980 1360 1170 1424 Aristoteles

90 1459 269 1539 priscarum
294 1460 475 1524 litterarum
491 1480 654 1525 numerum
671 1460 768 1526 fuisse
783 1461 885 1527 Plinio
907 1464 951 1544 (n.
967 1462 998 1526 h.
1014 1462 1077 1526 VII
1095 1463 1169 1543 192)

89 1569 174 1626 teste
198 1562 425 1644 comprobauit.
449 1600 490 1610 —
514 1562 612 1646 Signa
634 1571 741 1629 autem
764 1564 943 1628 litterarum
965 1572 1117 1646 corrupta
1138 1566 1170 1629 in

93 1669 161 1726 tam
188 1664 312 1730 incerta
344 1684 377 1729 re
408 1666 502 1731 nolim
532 1673 665 1731 tentare.
710 1665 820 1748 Neque
849 1667 989 1748 percipio
1019 1686 1081 1749 quo
1103 1668 1171 1732 iure

90 1764 287 1830 Schmidtius
310 1772 367 1833 ant
389 1777 462 1849 post
484 1769 660 1850 „Parcae“:
693 1769 746 1849 „id
774 1769 843 1833 est“
873 1769 1084 1850 supplendum
1114 1775 1171 1834 aut

92 1866 227 1947 „Clotho
250 1870 403 1935 Lachesis
427 1871 583 1952 Atropos“
605 1872 732 1935 nomina
754 1890 772 1935 e
794 1877 884 1934 textu
906 1871 1077 1953 releganda
1099 1891 1170 1937 cen-

89 1971 212 2051 suerit;
237 1991 309 2036 nam
332 1992 371 2036 err
394 1973 496 2039 Seruii
518 1973 585 2039 loco
608 1974 713 2037 -ad
736 1973 829 2053 Verg.
847 1975 923 2038 Aen.
944 1974 1035 2039 122:
1059 1975 1170 2057 „(Par-

90 2075 216 2157 carum)
238 2093 300 2139 una
324 2076 473 2158 loquitur,
495 2077 598 2141 altera
621 2076 742 2157 scribit,
773 2075 838 2140 alia
868 2074 923 2141 fila
946 2077 1095 2141 deducit“
1129 2114 1170 2122 -

90 2176 228 2260 siquid,
251 2184 336 2243 certe
359 2180 418 2244 hoc
434 2177 631 2245 efficeretur:
663 2180 732 2244 uui
760 2180 932 2244 Parcarum
957 2181 1168 2245 incentionem

92 2277 274 2355 litterarum
297 2282 505 2347 addicendam
530 2300 616 2362 esse;
639 2283 724 2363 quod
746 2281 790 2346 nil
813 2283 854 2345 ad
877 2282 1048 2363 Hyginum.
1076 2320 1110 2329 —

179 2383 285 2464 §31¹³
307 2384 382 2465 „alii
405 2385 514 2448 dicunt
538 2384 729 2449 Mercurium
752 2403 790 2447 ex
812 2402 925 2463 gruum
949 2382 1068 2464 uolatu,
1089 2404 1172 2465 quae

94 2502 164 2549 cum
188 2487 300 2551 nolant
315 2486 443 2551 litteras
458 2486 670 2568 exprimunt.“
694 2485 852 2551 Mercurio
867 2487 1047 2551 litterarum
1063 2488 1170 2552 inuen-

93 2587 212 2652 tionem
240 2589 323 2654 inter
353 2589 432 2653 alios
463 2589 615 2669 plurimos
648 2588 796 2654 attribuit
830 2589 994 2653 Mnaseas:
1025 2589 1063 2654 cl.
1094 2591 1169 2656 Luc.

96 2689 207 2755 Tarrh.
229 2692 262 2756 in
285 2691 424 2757 Belrkeri
447 2692 504 2757 AG
527 2712 559 2774 p.
584 2692 655 2773 783,
681 2692 739 2773 17;
769 2710 840 2757 eum
863 2697 971 2756 autem
993 2694 1170 2773 exemplum

95 2794 269 2874 sumpsisse
291 2815 311 2859 a
332 2814 445 2878 gruum
470 2795 578 2859 uolatu
598 2815 678 2860 unus
694 2796 787 2861 testis
803 2800 853 2860 est
869 2793 1088 2859 cassiodorius
1103 2814 1170 2859 uar.

95 2896 173 2960 VIII
198 2899 253 2962 12:
283 2897 457 2980 „(litteras)
479 2898 628 2979 primum,
660 2905 695 2961 nt
716 2895 911 2976 frequentior
933 2898 1035 2962 tradit
1056 2898 1171 2978 opinio,

97 2997 282 3080 Mercurius,
305 3007 450 3082 repertor
465 3001 580 3064 artium
597 3001 778 3079 multarum,
794 2999 902 3064 uolatu
919 3000 1169 3081 strymoniarum

96 3102 202 3166 auium
234 3102 407 3184 conlegisse
438 3110 640 3168 memoratur.
672 3122 743 3168 nam
773 3107 807 3166 et
837 3102 931 3166 hodie
963 3122 1068 3183 grues,
1099 3121 1168 3167 cnm

97 3204 229 3270 classem
240 3207 270 3287 1)
300 3205 490 3287 consociant,
523 3205 687 3285 alphabeti
720 3204 839 3270 formas
868 3211 983 3270 natura
1010 3205 1171 3270 imbuente

98 3306 353 3389 describunt“2).
384 3307 493 3388 Neque
516 3309 599 3372 enim
622 3307 686 3372 scio
708 3326 748 3371 an
771 3308 804 3370 in
826 3308 1039 3373 testimonium
1063 3309 1170 3373 uocari

186 3453 216 3522 l)
237 3450 397 3523 „classem“
420 3448 549 3508 correxit
571 3447 742 3505 Knaaekius
765 3467 819 3523 pro
842 3448 981 3519 „classe“.

183 3535 215 3614 2)
237 3537 295 3595 Hic
317 3536 499 3612 repudianda
521 3539 566 3591 est
587 3533 756 3591 coniectura
778 3533 934 3604 Knaackii,
957 3535 991 3590 ad
1015 3552 1103 3611 quam
1125 3532 1170 3589 in-

98 3623 202 3680 ductus
223 3629 268 3681 est
290 3623 387 3681 studio
410 3641 462 3679 suo
485 3619 612 3693 uestigia
635 3619 838 3696 exquisitioris
860 3619 1011 3678 doctrinae
1027 3621 1056 3676 in
1074 3618 1169 3694 Hygi-

98 3707 187 3765 niana
209 3712 348 3767 memoria
377 3706 546 3780 indagandi.
591 3703 794 3763 Cassiodorius
823 3703 843 3762 l.
865 3705 884 3762 l.
913 3711 1069 3782 postquam
1093 3705 1170 3760 Mer·

98 3792 423 3869 curiumgffitterarum‘
440 3795 624 3850 inuentorem
660 3790 781 3847 summis
813 3791 949 3848 laudibus
979 3789 1169 3864 praedicauit,

98 3881 172 3938 haec
195 3881 286 3936 uerba
308 3879 446 3937 exhibet:
469 3921 506 3949 ,‚.
531 3921 537 3934 .
560 3920 567 3935 .
590 3876 662 3933 hinc
685 3875 897 3946 Hellenos,
918 3881 1021 3933 auctor
1043 3874 1170 3934 Graeco-

98 3985 171 4039 rum,
195 3964 281 4042 plura
304 3964 380 4022 dixit
402 3963 511 4021 eximie
533 3963 673 4021 uirtutem
704 3962 768 4019 eius
798 3960 829 4036 (i.
853 3979 878 4018 e.
901 3960 1062 4039 alphabeti)
1093 3980 1170 4020 com·
