2782 4642
586 347 799 412 „34-

154 519 225 597 148,
241 519 270 582 7.
314 516 427 598 Itaque
448 535 488 582 nc
510 518 541 582 in
565 518 583 600 ξ
599 519 639 582 27
663 517 790 600 quidem
806 517 989 583 Dindorfius
1005 519 1084 584 duos
1100 517 1230 583 Eusebii

152 620 276 688 codices
306 619 467 685 Parisinos
494 628 622 685 secutus
650 614 713 704 γάρ
752 620 784 685 in
817 619 854 684 δέ
882 620 1072 701 particulam
1105 624 1232 686 mutare

152 722 273 788 debuit.
315 721 458 786 Eandem
480 723 601 788 habeut
622 723 687 787 uim
703 722 799 788 etiam
815 723 993 804 particulae
1015 713 1054 786 αὖ
1077 721 1130 806 (§§
1153 725 1183 789 2.
1199 724 1231 790 h.

153 826 217 907 16),
246 819 296 888 ἔτι
318 824 352 907 (ξ
374 824 439 909 21),
475 819 535 911 ἤδη
557 823 672 888 δὲκαὶ
694 826 727 908 (ξ
750 826 817 907 25),
845 818 928 889 ἄλλό
951 821 1007 889 καί
1029 826 1063 908 (ξ
1085 826 1160 909 29);
1191 829 1232 892 de

151 928 224 992 aliis
246 927 437 1010 quibusdam
460 927 730 994 coniunctionibus
752 947 850 1009 supra
872 930 923 1008 egi
944 948 975 1010 p.
997 929 1039 993 22
1055 947 1101 1010 sq.
1124 964 1167 976 -

239 1031 257 1112 ξ
280 1031 322 1095 24
344 1030 479 1111 „(idem)
494 1027 550 1093 καὶ
563 1026 709 1113 μέταλλα
722 1032 841 1116 χρυσοῦ
856 1027 897 1094 τὰ
913 1028 992 1115 περὶ
1006 1028 1044 1095 τό
1060 1025 1233 1115 Πάγγαιον

153 1128 328 1218 ἐπενόησεν
351 1127 455 1218 όρος“.
497 1133 586 1198 Idem
608 1153 659 1215 ap.
684 1132 765 1198 Plin.
788 1153 816 1198 n.
840 1133 871 1199 h.
892 1134 955 1197 VII
980 1135 1039 1199 197
1064 1133 1103 1199 cf.
1127 1135 1230 1201 Strab.

152 1237 228 1302 XIV
250 1237 280 1318 5,
303 1236 345 1303 28
376 1235 415 1301 cl.
445 1235 588 1317 Apollod.
618 1236 693 1301 bibl.
715 1237 765 1301 ΙΙΙ
789 1241 817 1314 1,
842 1239 871 1316 1,
902 1238 922 1302 8
945 1243 979 1302 et
1009 1237 1159 1302 Eustath.
1188 1238 1231 1301 ad

92 1377 93 1381 =
153 1340 246 1404 Dion.
269 1338 340 1403 Par.
361 1338 433 1403 391.
456 1374 499 1385 -

242 1443 261 1524 ξ
277 1440 320 1506 25
335 1435 413 1527 ,,ἠ’όη
429 1438 466 1504 δὲ
477 1437 533 1504 καὶ
544 1434 625 1504 litto
641 1435 740 1517 ἔθνος
750 1437 983 1519 Καππάδοκες
998 1438 1123 1525 πρόπαν
1140 1437 1235 1531 εὗρον

153 1542 210 1609 τὸν
233 1538 357 1625 νάβλαν
377 1538 605 1627 καλοόμενον.“
636 1544 829 1608 Testimonia
853 1545 978 1612 desunt.
1023 1546 1128 1613 Strab.
1151 1549 1181 1612 X
1201 1550 1232 1625 3,

156 1649 196 1712 17
220 1647 347 1712 nablam
369 1646 452 1710 inter
466 1647 604 1712 barbara
618 1647 830 1713 instrumenta
845 1647 965 1713 musica
988 1649 1091 1730 ponit;
1114 1649 1231 1715 Athen.

156 1750 201 1816 IV
225 1769 255 1830 p.
281 1750 343 1816 175
372 1755 479 1815 autem
508 1755 641 1831 propter
673 1748 800 1828 Sopatri
822 1750 943 1816 dictum
975 1753 1135 1833 quoddam
1164 1753 1235 1819 eius

155 1852 368 1917 inuentionem
392 1852 433 1916 ad
456 1850 630 1916 Phoenices
653 1850 764 1918 defert.
780 1891 821 1900 -

242 1955 261 2037 ξ
283 1954 324 2018 26
346 1941 403 2034 ,ὃν
425 1948 550 2039 τρόπον
571 1951 628 2017 καὶ
648 1951 688 2018 τό
711 1950 861 2040 δίχορδον
879 1947 1084 2040 Ἀσσύριοι.“
1109 1957 1156 2023 De
1172 1958 1233 2026 hac

156 2077 192 2123 re
213 2058 299 2139 apud
322 2055 402 2122 alios
424 2058 597 2138 scriptores
619 2056 697 2121 nihil
721 2056 793 2138 legi.
815 2093 859 2103 -

242 2162 261 2242 ᾖ
284 2160 325 2224 27
349 2154 587 2245 ,Καρχηδόνιοι
609 2157 669 2241 γὰρ
693 2162 819 2240 πρῶτοι
834 2156 967 2247 τετρήρη
981 2158 1238 2244 κατεσκεύασαν,

157 2257 356 2347 ἒναοπῇνησε
378 2259 415 2325 δὲ
436 2253 533 2348 αὐτην
546 2254 706 2347 Ἕσπερος
726 2254 926 2342 αὐτόχθων.“
964 2264 1041 2328 Plin.
1065 2284 1094 2329 n.
1115 2265 1147 2331 h.
1171 2266 1234 2330 VH

156 2367 220 2431 207
243 2365 496 2445 „quadriremem
512 2363 708 2458 ,Aristoteles
731 2364 1011 2447 Carthaginienses
1034 2367 1166 2450 (primos
1187 2366 1232 2432 fe·

158 2468 238 2535 cisse
260 2473 372 2533 auctor
394 2469 488 2547 est).“
520 2467 667 2549 Rosenm
696 2468 751 2550 qui
772 2468 906 2533 Aristot.
926 2470 1040 2550 pseud.
1063 2489 1091 2550 p.
1115 2469 1180 2534 534
1202 2474 1236 2535 ct

158 2571 244 2653 apud
267 2569 364 2635 Clem.
387 2575 421 2635 et
449 2571 535 2651 apud
558 2569 637 2634 Plin.
660 2589 717 2651 pro
739 2566 976 2656 Καρχηδονίοις
1005 2571 1236 2654 intellegendos

158 2691 228 2739 esse
250 2672 412 2738 contendit
433 2667 685 2756 Χαλκηδονίους,
708 2671 925 2739 Eichholtzius
947 2693 977 2755 p.
993 2674 1036 2738 26
1058 2676 1235 2741 rectissime

159 2775 286 2841 refellit.
324 2775 386 2840 Sed
409 2775 439 2838 in
456 2769 635 2859 Βοσπόρου
658 2775 791 2853 nomine,
814 2777 898 2858 quod
913 2777 1063 2854 traditur,
1086 2779 1235 2842 mendum

159 2879 262 2945 latere
283 2878 421 2956 uidetur,
443 2877 590 2958 quoniam
613 2878 679 2943 tale
701 2878 837 2943 hominis
859 2897 971 2943 nomen
995 2898 1094 2963 neque
1117 2880 1236 2959 legitur

158 2999 293 3062 nsquam
316 2997 416 3060 neque
438 2998 496 3061 per
517 2997 551 3044 se
566 2980 729 3061 probabile
751 2987 808 3046 est.
851 2981 965 3063 Itaque
983 2982 1140 3062 Bergkius
1156 2981 1235 3064 (uid.

159 3083 376 3160 Eichholtz.¹)
399 3101 430 3164 p.
453 3083 510 3165 27)
539 3082 759 3162 corrigendum
791 3101 859 3148 esse
890 3085 1013 3150 censuit
1044 3078 1237 3169 Βόσταρος,

161 3203 272 3249 nomen
289 3183 558 3264 Carthaginiense.
591 3184 726 3266 Propius
741 3189 846 3250 autem
862 3186 904 3250 ad
919 3187 1087 3251 ueritatem
1106 3187 1237 3252 Wachs·

160 3288 318 3352 muthium
341 3289 511 3352 accessisse
540 3288 678 3352 arbitror
691 3280 859 3372 Ἕσπερον
881 3288 1079 3354 scribentem.
1123 3289 1236 3371 Libyci

161 3389 243 3454 enim
260 3390 426 3471 indigenae
440 3408 552 3454 nomen
563 3382 763 3468 αὐτόχθονος
779 3410 855 3456 uoce
870 3390 981 3455 addita
997 3391 1131 3456 indicari
1147 3392 1237 3458 uidc-

160 3498 224 3574 tur,
246 3491 426 3574 Hesperum
448 3511 525 3557 uero
547 3493 602 3557 alii
623 3491 740 3571 filium,
770 3493 824 3557 alli
846 3491 978 3558 fratrem
1001 3492 1099 3558 fuisse
1123 3494 1238 3558 Atlan-

252 3734 281 3813 1)
304 3734 555 3795 Violentissimam
585 3741 683 3794 autem
714 3741 744 3793 et
773 3735 861 3810 plane
890 3735 1125 3810 improbabilem,
1148 3754 1237 3813 quam

162 3820 370 3880 Eichholtnins
391 3822 455 3896 ipse
478 3841 505 3897 p.
531 3826 570 3880 26
594 3821 759 3897 proposuit,
780 3822 979 3880 coniecturam
1001 3840 1039 3878 ne
1062 3839 1239 3878 commemo-

162 3906 222 3964 rari
245 3907 363 3985 quidem
385 3926 459 3981 opus
482 3912 535 3980 est,
558 3906 629 3986 quia
642 3908 715 3984 ipse
738 3907 765 3964 ei
788 3907 916 3966 confisus
937 3926 997 3964 non
1021 3912 1074 3964 est.
