<?xml version="1.0" encoding="UTF-8"?>
<!DOCTYPE html PUBLIC "-//W3C//DTD XHTML 1.0 Transitional//EN"
    "http://www.w3.org/TR/xhtml1/DTD/xhtml1-transitional.dtd">
<html xmlns="http://www.w3.org/1999/xhtml" xml:lang="en" lang="en">
 <head>
  <title>
</title>
<meta http-equiv="Content-Type" content="text/html;charset=utf-8" />
  <meta name='ocr-system' content='tesseract 3.04.00' />
  <meta name='ocr-capabilities' content='ocr_page ocr_carea ocr_par ocr_line ocrx_word'/>
</head>
<body>
  <div class='ocr_page' id='page_1' title='image "./decatalogisheur00kremgoog_0036.png"; bbox 0 0 2782 4642; ppageno 0'>
   <div class='ocr_carea' id='block_1_1' title="bbox 581 354 791 422">
    <p class='ocr_par' dir='ltr' id='par_1_1' title="bbox 581 354 791 422">
     <span class='ocr_line' id='line_1_1' title="bbox 581 354 791 422; baseline 0 -17"><span class='ocrx_word' id='word_1_1' title='bbox 581 354 791 422; x_wconf 75' lang='lat'>-24-</span> 
     </span>
    </p>
   </div>
   <div class='ocr_carea' id='block_1_2' title="bbox 151 526 1231 3173">
    <p class='ocr_par' dir='ltr' id='par_1_2' title="bbox 237 526 844 609">
     <span class='ocr_line' id='line_1_2' title="bbox 237 526 844 609; baseline 0.005 -17"><span class='ocrx_word' id='word_1_2' title='bbox 237 526 332 592; x_wconf 82' lang='lat' dir='ltr'>Olem.</span> <span class='ocrx_word' id='word_1_3' title='bbox 357 527 445 593; x_wconf 79' lang='lat' dir='ltr'>Alex.</span> <span class='ocrx_word' id='word_1_4' title='bbox 467 533 574 593; x_wconf 82' lang='lat' dir='ltr'>strom.</span> <span class='ocrx_word' id='word_1_5' title='bbox 597 529 613 592; x_wconf 96' lang='lat' dir='ltr'>I</span> <span class='ocrx_word' id='word_1_6' title='bbox 637 530 686 609; x_wconf 88' lang='grc'>16,</span> <span class='ocrx_word' id='word_1_7' title='bbox 710 530 844 596; x_wconf 81' lang='grc'>14-16.</span> 
     </span>
    </p>

    <p class='ocr_par' dir='ltr' id='par_1_3' title="bbox 151 624 1226 1121">
     <span class='ocr_line' id='line_1_3' title="bbox 237 624 1223 721; baseline 0.007 -29"><span class='ocrx_word' id='word_1_8' title='bbox 237 629 255 711; x_wconf 66' lang='grc' dir='ltr'>ξ</span> <span class='ocrx_word' id='word_1_9' title='bbox 278 632 293 693; x_wconf 95' lang='lat' dir='ltr'>l</span> <span class='ocrx_word' id='word_1_10' title='bbox 317 624 520 712; x_wconf 75' lang='grc' dir='ltr'>,Αἰγύπτιοι</span> <span class='ocrx_word' id='word_1_11' title='bbox 543 632 619 713; x_wconf 81' lang='grc' dir='ltr'>γοῦν</span> <span class='ocrx_word' id='word_1_12' title='bbox 641 630 766 716; x_wconf 82' lang='grc' dir='ltr'><strong><em>πρῶτοι</em></strong></span> <span class='ocrx_word' id='word_1_13' title='bbox 789 624 1005 718; x_wconf 78' lang='grc' dir='ltr'><em>ἀστρολογίαν</em></span> <span class='ocrx_word' id='word_1_14' title='bbox 1026 629 1073 710; x_wconf 86' lang='grc' dir='ltr'>εἰς</span> <span class='ocrx_word' id='word_1_15' title='bbox 1096 627 1223 721; x_wconf 75' lang='grc' dir='ltr'><strong><em>ἀνθρώ-</em></strong></span> 
     </span>
     <span class='ocr_line' id='line_1_4' title="bbox 151 725 1225 817; baseline 0.008 -24"><span class='ocrx_word' id='word_1_16' title='bbox 151 753 235 807; x_wconf 79' lang='grc' dir='ltr'>ποις</span> <span class='ocrx_word' id='word_1_17' title='bbox 257 725 442 817; x_wconf 65' lang='grc' dir='ltr'>ἑξήνεγιαν,</span> <span class='ocrx_word' id='word_1_18' title='bbox 479 728 601 816; x_wconf 82' lang='grc' dir='ltr'><strong><em>ὁμοίως</em></strong></span> <span class='ocrx_word' id='word_1_19' title='bbox 632 731 669 798; x_wconf 78' lang='grc' dir='ltr'>δὲ</span> <span class='ocrx_word' id='word_1_20' title='bbox 699 733 756 799; x_wconf 80' lang='grc' dir='ltr'>καὶ</span> <span class='ocrx_word' id='word_1_21' title='bbox 786 735 981 800; x_wconf 75' lang='grc' dir='ltr'>Χαλδαῖοι.“</span> <span class='ocrx_word' id='word_1_22' title='bbox 1013 737 1225 802; x_wconf 82' lang='lat' dir='ltr'>Testimonia:</span> 
     </span>
     <span class='ocr_line' id='line_1_5' title="bbox 156 833 1226 918; baseline 0.007 -22"><span class='ocrx_word' id='word_1_23' title='bbox 156 833 190 914; x_wconf 91' lang='lat' dir='ltr'>a)</span> <span class='ocrx_word' id='word_1_24' title='bbox 222 833 315 899; x_wconf 88' lang='lat' dir='ltr'><strong>Diod.</strong></span> <span class='ocrx_word' id='word_1_25' title='bbox 343 834 358 896; x_wconf 93' lang='grc' dir='ltr'>Ι</span> <span class='ocrx_word' id='word_1_26' title='bbox 389 836 418 912; x_wconf 87' lang='grc'>9,</span> <span class='ocrx_word' id='word_1_27' title='bbox 453 837 473 900; x_wconf 89' lang='grc'>6</span> <span class='ocrx_word' id='word_1_28' title='bbox 504 837 709 918; x_wconf 80' lang='lat' dir='ltr'>saepiusque;</span> <span class='ocrx_word' id='word_1_29' title='bbox 740 835 819 901; x_wconf 89' lang='lat' dir='ltr'>Plin.</span> <span class='ocrx_word' id='word_1_30' title='bbox 850 858 881 902; x_wconf 82' lang='lat' dir='ltr'>n.</span> <span class='ocrx_word' id='word_1_31' title='bbox 913 839 943 902; x_wconf 94' lang='lat' dir='ltr'>h.</span> <span class='ocrx_word' id='word_1_32' title='bbox 976 840 1038 904; x_wconf 92' lang='lat' dir='ltr'>VII</span> <span class='ocrx_word' id='word_1_33' title='bbox 1070 839 1148 918; x_wconf 80' lang='lat'><strong>203;</strong></span> <span class='ocrx_word' id='word_1_34' title='bbox 1190 839 1226 903; x_wconf 84' lang='lat' dir='ltr'>of.</span> 
     </span>
     <span class='ocr_line' id='line_1_6' title="bbox 151 935 1226 1022; baseline 0.007 -23"><span class='ocrx_word' id='word_1_35' title='bbox 151 935 267 1006; x_wconf 84' lang='lat' dir='ltr'>Herod.</span> <span class='ocrx_word' id='word_1_36' title='bbox 290 937 381 1018; x_wconf 90' lang='grc'>114;</span> <span class='ocrx_word' id='word_1_37' title='bbox 411 938 461 1003; x_wconf 82' lang='grc'>82.</span> <span class='ocrx_word' id='word_1_38' title='bbox 507 938 538 1013; x_wconf 83' lang='grc'>1))</span> <span class='ocrx_word' id='word_1_39' title='bbox 572 939 635 1004; x_wconf 78' lang='lat' dir='ltr'>Cic.</span> <span class='ocrx_word' id='word_1_40' title='bbox 665 940 705 1004; x_wconf 93' lang='lat' dir='ltr'>de</span> <span class='ocrx_word' id='word_1_41' title='bbox 736 940 948 1020; x_wconf 77' lang='lat' dir='ltr'>niu.11,·2;</span> <span class='ocrx_word' id='word_1_42' title='bbox 982 941 1074 1006; x_wconf 86' lang='lat' dir='ltr'><strong>Diod.</strong></span> <span class='ocrx_word' id='word_1_43' title='bbox 1107 942 1139 1005; x_wconf 89' lang='grc' dir='ltr'>ΙΙ</span> <span class='ocrx_word' id='word_1_44' title='bbox 1168 942 1226 1022; x_wconf 82' lang='grc'>29;</span> 
     </span>
     <span class='ocr_line' id='line_1_7' title="bbox 152 1036 531 1121; baseline 0.005 -19"><span class='ocrx_word' id='word_1_45' title='bbox 152 1036 256 1103; x_wconf 86' lang='lat' dir='ltr'>Strab.</span> <span class='ocrx_word' id='word_1_46' title='bbox 280 1038 361 1104; x_wconf 91' lang='lat' dir='ltr'>XVI</span> <span class='ocrx_word' id='word_1_47' title='bbox 386 1042 414 1121; x_wconf 89' lang='lat'>1,</span> <span class='ocrx_word' id='word_1_48' title='bbox 437 1040 466 1106; x_wconf 89' lang='lat'>6.</span> <span class='ocrx_word' id='word_1_49' title='bbox 490 1077 531 1086; x_wconf 92' lang='lat'><em>-</em></span> 
     </span>
    </p>

    <p class='ocr_par' dir='ltr' id='par_1_4' title="bbox 151 1137 1229 1738">
     <span class='ocr_line' id='line_1_8' title="bbox 240 1137 1226 1231; baseline 0.003 -25"><span class='ocrx_word' id='word_1_50' title='bbox 240 1141 301 1222; x_wconf 77' lang='lat'>§2</span> <span class='ocrx_word' id='word_1_51' title='bbox 333 1138 537 1225; x_wconf 60' lang='grc' dir='ltr'>,Αἰγύπτιοι</span> <span class='ocrx_word' id='word_1_52' title='bbox 567 1138 698 1223; x_wconf 83' lang='grc' dir='ltr'><strong><em>λύχνους</em></strong></span> <span class='ocrx_word' id='word_1_53' title='bbox 727 1167 762 1208; x_wconf 83' lang='grc' dir='ltr'>τε</span> <span class='ocrx_word' id='word_1_54' title='bbox 785 1137 824 1209; x_wconf 75' lang='grc' dir='ltr'>αὖ</span> <span class='ocrx_word' id='word_1_55' title='bbox 853 1142 958 1209; x_wconf 87' lang='grc' dir='ltr'><strong><em>καίειν</em></strong></span> <span class='ocrx_word' id='word_1_56' title='bbox 990 1146 1117 1231; x_wconf 81' lang='grc' dir='ltr'><em>πρῶτοι</em></span> <span class='ocrx_word' id='word_1_57' title='bbox 1150 1169 1226 1209; x_wconf 78' lang='grc' dir='ltr'><em>και-</em></span> 
     </span>
     <span class='ocr_line' id='line_1_9' title="bbox 152 1239 1227 1330; baseline 0.006 -24"><span class='ocrx_word' id='word_1_58' title='bbox 152 1239 278 1323; x_wconf 77' lang='grc' dir='ltr'>έοειξαν</span> <span class='ocrx_word' id='word_1_59' title='bbox 301 1245 376 1309; x_wconf 83' lang='grc'><strong><em>...“</em></strong></span> <span class='ocrx_word' id='word_1_60' title='bbox 400 1245 447 1310; x_wconf 91' lang='lat' dir='ltr'>De</span> <span class='ocrx_word' id='word_1_61' title='bbox 470 1245 616 1312; x_wconf 87' lang='lat' dir='ltr'>lucernae</span> <span class='ocrx_word' id='word_1_62' title='bbox 638 1248 855 1313; x_wconf 87' lang='lat' dir='ltr'>inuentoribus</span> <span class='ocrx_word' id='word_1_63' title='bbox 881 1251 966 1328; x_wconf 85' lang='lat' dir='ltr'>apud</span> <span class='ocrx_word' id='word_1_64' title='bbox 989 1256 1110 1316; x_wconf 86' lang='lat' dir='ltr'>eeteros</span> <span class='ocrx_word' id='word_1_65' title='bbox 1130 1249 1227 1330; x_wconf 83' lang='lat' dir='ltr'>scrip·</span> 
     </span>
     <span class='ocr_line' id='line_1_10' title="bbox 151 1345 1226 1436; baseline 0.006 -27"><span class='ocrx_word' id='word_1_66' title='bbox 151 1351 235 1410; x_wconf 84' lang='lat' dir='ltr'>tores</span> <span class='ocrx_word' id='word_1_67' title='bbox 259 1346 337 1411; x_wconf 88' lang='lat' dir='ltr'>nihil</span> <span class='ocrx_word' id='word_1_68' title='bbox 360 1348 514 1412; x_wconf 88' lang='lat' dir='ltr'>traditum</span> <span class='ocrx_word' id='word_1_69' title='bbox 538 1348 614 1429; x_wconf 91' lang='lat' dir='ltr'>uidi,</span> <span class='ocrx_word' id='word_1_70' title='bbox 645 1350 818 1415; x_wconf 87' lang='lat' dir='ltr'>uerisimile</span> <span class='ocrx_word' id='word_1_71' title='bbox 850 1357 957 1417; x_wconf 87' lang='lat' dir='ltr'>autem</span> <span class='ocrx_word' id='word_1_72' title='bbox 990 1352 1068 1416; x_wconf 92' lang='lat' dir='ltr'>mihi</span> <span class='ocrx_word' id='word_1_73' title='bbox 1092 1359 1140 1415; x_wconf 88' lang='lat' dir='ltr'>est</span> <span class='ocrx_word' id='word_1_74' title='bbox 1159 1345 1226 1436; x_wconf 62' lang='grc' dir='ltr'>εὕρ.</span> 
     </span>
     <span class='ocr_line' id='line_1_11' title="bbox 152 1449 1226 1533; baseline 0.005 -22"><span class='ocrx_word' id='word_1_75' title='bbox 152 1449 322 1514; x_wconf 85' lang='lat' dir='ltr'>deductum</span> <span class='ocrx_word' id='word_1_76' title='bbox 346 1469 415 1515; x_wconf 81' lang='lat' dir='ltr'>esse</span> <span class='ocrx_word' id='word_1_77' title='bbox 438 1470 475 1516; x_wconf 86' lang='lat' dir='ltr'>ax</span> <span class='ocrx_word' id='word_1_78' title='bbox 497 1452 552 1531; x_wconf 85' lang='lat' dir='ltr'>eia,</span> <span class='ocrx_word' id='word_1_79' title='bbox 575 1470 656 1533; x_wconf 87' lang='lat' dir='ltr'>quae</span> <span class='ocrx_word' id='word_1_80' title='bbox 671 1452 854 1519; x_wconf 87' lang='lat' dir='ltr'>Herodotus</span> <span class='ocrx_word' id='word_1_81' title='bbox 867 1453 901 1518; x_wconf 93' lang='grc' dir='ltr'>Π</span> <span class='ocrx_word' id='word_1_82' title='bbox 916 1453 958 1519; x_wconf 80' lang='grc'>62</span> <span class='ocrx_word' id='word_1_83' title='bbox 974 1455 1013 1518; x_wconf 89' lang='lat' dir='ltr'>de</span> <span class='ocrx_word' id='word_1_84' title='bbox 1028 1454 1226 1519; x_wconf 88' lang='lat' dir='ltr'>lucernarum</span> 
     </span>
     <span class='ocr_line' id='line_1_12' title="bbox 152 1551 1228 1638; baseline 0.006 -24"><span class='ocrx_word' id='word_1_85' title='bbox 152 1552 183 1614; x_wconf 91' lang='lat' dir='ltr'>in</span> <span class='ocrx_word' id='word_1_86' title='bbox 207 1551 437 1634; x_wconf 85' lang='lat' dir='ltr'>Aegyptiorum</span> <span class='ocrx_word' id='word_1_87' title='bbox 469 1551 559 1619; x_wconf 84' lang='lat' dir='ltr'>festis</span> <span class='ocrx_word' id='word_1_88' title='bbox 589 1572 647 1619; x_wconf 81' lang='lat' dir='ltr'>usu</span> <span class='ocrx_word' id='word_1_89' title='bbox 678 1564 802 1635; x_wconf 88' lang='lat' dir='ltr'>narrat;</span> <span class='ocrx_word' id='word_1_90' title='bbox 834 1574 907 1620; x_wconf 86' lang='lat' dir='ltr'>nam</span> <span class='ocrx_word' id='word_1_91' title='bbox 937 1558 1033 1621; x_wconf 91' lang='lat' dir='ltr'>etiam</span> <span class='ocrx_word' id='word_1_92' title='bbox 1063 1557 1125 1620; x_wconf 94' lang='lat' dir='ltr'>dno</span> <span class='ocrx_word' id='word_1_93' title='bbox 1147 1575 1228 1638; x_wconf 87' lang='lat' dir='ltr'>qnae</span> 
     </span>
     <span class='ocr_line' id='line_1_13' title="bbox 158 1655 1229 1738; baseline 0.006 -22"><span class='ocrx_word' id='word_1_94' title='bbox 158 1660 307 1717; x_wconf 80' lang='lat' dir='ltr'>secuntur</span> <span class='ocrx_word' id='word_1_95' title='bbox 328 1655 514 1721; x_wconf 85' lang='lat' dir='ltr'>heuremata</span> <span class='ocrx_word' id='word_1_96' title='bbox 536 1675 574 1720; x_wconf 81' lang='lat' dir='ltr'>ex</span> <span class='ocrx_word' id='word_1_97' title='bbox 588 1658 699 1722; x_wconf 89' lang='lat' dir='ltr'>eodem</span> <span class='ocrx_word' id='word_1_98' title='bbox 715 1657 794 1724; x_wconf 90' lang='lat' dir='ltr'>libro</span> <span class='ocrx_word' id='word_1_99' title='bbox 808 1665 957 1738; x_wconf 81' lang='lat' dir='ltr'>excerpta</span> <span class='ocrx_word' id='word_1_100' title='bbox 973 1676 1042 1724; x_wconf 88' lang='lat' dir='ltr'>esse</span> <span class='ocrx_word' id='word_1_101' title='bbox 1064 1659 1229 1724; x_wconf 92' lang='lat' dir='ltr'>uidentur:</span> 
     </span>
    </p>

    <p class='ocr_par' dir='ltr' id='par_1_5' title="bbox 152 1755 1226 1941">
     <span class='ocr_line' id='line_1_14' title="bbox 238 1755 1226 1845; baseline -0.002 -21"><span class='ocrx_word' id='word_1_102' title='bbox 238 1757 256 1838; x_wconf 64' lang='grc' dir='ltr'>ἓ</span> <span class='ocrx_word' id='word_1_103' title='bbox 278 1761 298 1824; x_wconf 88' lang='grc'>3</span> <span class='ocrx_word' id='word_1_104' title='bbox 329 1756 405 1837; x_wconf 69' lang='grc' dir='ltr'>,καὶ</span> <span class='ocrx_word' id='word_1_105' title='bbox 425 1756 482 1821; x_wconf 75' lang='grc' dir='ltr'>τὸν</span> <span class='ocrx_word' id='word_1_106' title='bbox 505 1755 651 1823; x_wconf 81' lang='grc' dir='ltr'>ἐνιαυτὸν</span> <span class='ocrx_word' id='word_1_107' title='bbox 672 1755 720 1835; x_wconf 86' lang='grc' dir='ltr'>εἰς</span> <span class='ocrx_word' id='word_1_108' title='bbox 742 1755 868 1824; x_wconf 75' lang='grc' dir='ltr'><em>δώδεκα</em></span> <span class='ocrx_word' id='word_1_109' title='bbox 889 1764 991 1845; x_wconf 79' lang='grc' dir='ltr'><strong><em>μῆνας</em></strong></span> <span class='ocrx_word' id='word_1_110' title='bbox 1013 1760 1158 1824; x_wconf 78' lang='grc' dir='ltr'>διεῖλον.</span> <span class='ocrx_word' id='word_1_111' title='bbox 1175 1810 1182 1824; x_wconf 95' lang='grc'><strong>.</strong></span> <span class='ocrx_word' id='word_1_112' title='bbox 1199 1765 1226 1824; x_wconf 86' lang='grc'>.“</span> 
     </span>
     <span class='ocr_line' id='line_1_15' title="bbox 152 1858 545 1941; baseline 0.01 -20"><span class='ocrx_word' id='word_1_113' title='bbox 152 1878 190 1922; x_wconf 82' lang='lat' dir='ltr'>ex</span> <span class='ocrx_word' id='word_1_114' title='bbox 212 1858 329 1925; x_wconf 85' lang='lat' dir='ltr'>Herod.</span> <span class='ocrx_word' id='word_1_115' title='bbox 352 1861 385 1924; x_wconf 95' lang='lat' dir='ltr'>lI</span> <span class='ocrx_word' id='word_1_116' title='bbox 406 1863 437 1940; x_wconf 88' lang='grc'>4,</span> <span class='ocrx_word' id='word_1_117' title='bbox 462 1864 489 1941; x_wconf 91' lang='grc'>1,</span> <span class='ocrx_word' id='word_1_118' title='bbox 512 1869 545 1925; x_wconf 93' lang='lat' dir='ltr'>et</span> 
     </span>
    </p>

    <p class='ocr_par' dir='ltr' id='par_1_6' title="bbox 152 1959 1228 2248">
     <span class='ocr_line' id='line_1_16' title="bbox 237 1959 1226 2048; baseline 0.005 -24"><span class='ocrx_word' id='word_1_119' title='bbox 237 1963 256 2044; x_wconf 67' lang='grc' dir='ltr'>ξ</span> <span class='ocrx_word' id='word_1_120' title='bbox 278 1964 299 2025; x_wconf 92' lang='grc'>4</span> <span class='ocrx_word' id='word_1_121' title='bbox 321 1961 397 2043; x_wconf 75' lang='grc' dir='ltr'>,καὶ</span> <span class='ocrx_word' id='word_1_122' title='bbox 412 1959 445 2026; x_wconf 81' lang='grc' dir='ltr'>ἒν</span> <span class='ocrx_word' id='word_1_123' title='bbox 469 1960 568 2048; x_wconf 74' lang='grc' dir='ltr'><strong><em>ἱεροῖς</em></strong></span> <span class='ocrx_word' id='word_1_124' title='bbox 590 1960 771 2047; x_wconf 64' lang='grc' dir='ltr'><em>μίσγεσθαι</em></span> <span class='ocrx_word' id='word_1_125' title='bbox 793 1962 937 2047; x_wconf 76' lang='grc' dir='ltr'>γιναιξὶν</span> <span class='ocrx_word' id='word_1_126' title='bbox 959 1961 1124 2031; x_wconf 79' lang='grc' dir='ltr'>ἐκώλυσαν</span> <span class='ocrx_word' id='word_1_127' title='bbox 1146 1963 1226 2048; x_wconf 82' lang='grc' dir='ltr'>μηδ’</span> 
     </span>
     <span class='ocr_line' id='line_1_17' title="bbox 153 2058 1228 2154; baseline 0.005 -28"><span class='ocrx_word' id='word_1_128' title='bbox 153 2058 199 2138; x_wconf 86' lang='grc' dir='ltr'>εἰς</span> <span class='ocrx_word' id='word_1_129' title='bbox 231 2059 302 2150; x_wconf 70' lang='grc' dir='ltr'>ἱερὰ</span> <span class='ocrx_word' id='word_1_130' title='bbox 333 2061 471 2130; x_wconf 81' lang='grc' dir='ltr'>εἰσιέναι</span> <span class='ocrx_word' id='word_1_131' title='bbox 500 2058 568 2130; x_wconf 81' lang='grc' dir='ltr'>ἀπὸ</span> <span class='ocrx_word' id='word_1_132' title='bbox 600 2063 746 2149; x_wconf 80' lang='grc' dir='ltr'>γυναικὸς</span> <span class='ocrx_word' id='word_1_133' title='bbox 776 2059 934 2143; x_wconf 78' lang='grc' dir='ltr'><strong><em>ἀλούτους</em></strong></span> <span class='ocrx_word' id='word_1_134' title='bbox 964 2064 1228 2154; x_wconf 71' lang='grc' dir='ltr'>ἕνομοθέτησαν“</span> 
     </span>
     <span class='ocr_line' id='line_1_18' title="bbox 152 2166 938 2248; baseline 0.004 -17"><span class='ocrx_word' id='word_1_135' title='bbox 152 2168 274 2231; x_wconf 87' lang='lat' dir='ltr'>eisdem</span> <span class='ocrx_word' id='word_1_136' title='bbox 297 2166 364 2233; x_wconf 85' lang='lat' dir='ltr'>fere</span> <span class='ocrx_word' id='word_1_137' title='bbox 387 2169 494 2234; x_wconf 87' lang='lat' dir='ltr'>uerbis</span> <span class='ocrx_word' id='word_1_138' title='bbox 517 2189 555 2234; x_wconf 86' lang='lat' dir='ltr'>ex</span> <span class='ocrx_word' id='word_1_139' title='bbox 577 2170 694 2233; x_wconf 81' lang='lat' dir='ltr'><strong>Herod.</strong></span> <span class='ocrx_word' id='word_1_140' title='bbox 717 2170 748 2232; x_wconf 91' lang='lat'>11</span> <span class='ocrx_word' id='word_1_141' title='bbox 771 2169 822 2248; x_wconf 90' lang='grc'>64,</span> <span class='ocrx_word' id='word_1_142' title='bbox 844 2170 874 2235; x_wconf 81' lang='grc'>2.</span> <span class='ocrx_word' id='word_1_143' title='bbox 897 2207 938 2216; x_wconf 90' lang='lat'>-</span> 
     </span>
    </p>

    <p class='ocr_par' dir='ltr' id='par_1_7' title="bbox 240 2269 885 2353">
     <span class='ocr_line' id='line_1_19' title="bbox 240 2269 885 2353; baseline 0.002 -18"><span class='ocrx_word' id='word_1_144' title='bbox 240 2269 330 2351; x_wconf 61' lang='grc'>665,</span> <span class='ocrx_word' id='word_1_145' title='bbox 356 2273 385 2336; x_wconf 91' lang='grc'>6.</span> <span class='ocrx_word' id='word_1_146' title='bbox 410 2271 885 2353; x_wconf 73' lang='lat' dir='ltr'>7=Tat.§§7.2.3².-</span> 
     </span>
    </p>

    <p class='ocr_par' dir='ltr' id='par_1_8' title="bbox 153 2365 1231 3173">
     <span class='ocr_line' id='line_1_20' title="bbox 239 2365 1229 2460; baseline 0.003 -25"><span class='ocrx_word' id='word_1_147' title='bbox 239 2372 258 2453; x_wconf 65' lang='grc' dir='ltr'>ξ</span> <span class='ocrx_word' id='word_1_148' title='bbox 274 2373 293 2436; x_wconf 89' lang='grc'>8</span> <span class='ocrx_word' id='word_1_149' title='bbox 317 2371 393 2451; x_wconf 75' lang='grc' dir='ltr'>,καὶ</span> <span class='ocrx_word' id='word_1_150' title='bbox 409 2370 543 2460; x_wconf 59' lang='lat' dir='ltr'>omento</span> <span class='ocrx_word' id='word_1_151' title='bbox 558 2366 742 2459; x_wconf 70' lang='grc' dir='ltr'>ἦνρίβωσαν</span> <span class='ocrx_word' id='word_1_152' title='bbox 757 2377 896 2439; x_wconf 76' lang='grc' dir='ltr'>Τοῦσκοι</span> <span class='ocrx_word' id='word_1_153' title='bbox 907 2365 1047 2450; x_wconf 82' lang='grc' dir='ltr'>Ἰταλίας</span> <span class='ocrx_word' id='word_1_154' title='bbox 1061 2371 1229 2457; x_wconf 78' lang='grc' dir='ltr'><strong><em>γείτονες.“</em></strong></span> 
     </span>
     <span class='ocr_line' id='line_1_21' title="bbox 154 2477 1229 2562; baseline 0.003 -23"><span class='ocrx_word' id='word_1_155' title='bbox 154 2477 200 2540; x_wconf 90' lang='lat' dir='ltr'>De</span> <span class='ocrx_word' id='word_1_156' title='bbox 223 2479 358 2562; x_wconf 57' lang='grc' dir='ltr'>αοιικῆς</span> <span class='ocrx_word' id='word_1_157' title='bbox 380 2495 456 2541; x_wconf 88' lang='lat' dir='ltr'>uoce</span> <span class='ocrx_word' id='word_1_158' title='bbox 479 2477 517 2540; x_wconf 83' lang='lat' dir='ltr'>of.</span> <span class='ocrx_word' id='word_1_159' title='bbox 533 2478 575 2542; x_wconf 90' lang='lat' dir='ltr'>ad</span> <span class='ocrx_word' id='word_1_160' title='bbox 598 2477 668 2541; x_wconf 81' lang='lat' dir='ltr'>Tot.</span> <span class='ocrx_word' id='word_1_161' title='bbox 690 2478 753 2559; x_wconf 68' lang='lat'>§4</span> <span class='ocrx_word' id='word_1_162' title='bbox 776 2478 986 2542; x_wconf 87' lang='lat' dir='ltr'>Testimonia:</span> <span class='ocrx_word' id='word_1_163' title='bbox 1010 2477 1112 2542; x_wconf 85' lang='lat' dir='ltr'>Schol.</span> <span class='ocrx_word' id='word_1_164' title='bbox 1136 2478 1229 2542; x_wconf 90' lang='lat' dir='ltr'>Bern.</span> 
     </span>
     <span class='ocr_line' id='line_1_22' title="bbox 154 2578 1227 2662; baseline 0 -18"><span class='ocrx_word' id='word_1_165' title='bbox 154 2581 196 2644; x_wconf 84' lang='lat' dir='ltr'>ad</span> <span class='ocrx_word' id='word_1_166' title='bbox 219 2580 368 2645; x_wconf 87' lang='lat' dir='ltr'>Lucanl</span> <span class='ocrx_word' id='word_1_167' title='bbox 390 2581 471 2661; x_wconf 78' lang='lat'><strong>6363</strong></span> <span class='ocrx_word' id='word_1_168' title='bbox 496 2578 559 2646; x_wconf 81' lang='lat' dir='ltr'>Cio.</span> <span class='ocrx_word' id='word_1_169' title='bbox 574 2581 614 2643; x_wconf 94' lang='lat' dir='ltr'>de</span> <span class='ocrx_word' id='word_1_170' title='bbox 638 2580 701 2643; x_wconf 90' lang='lat' dir='ltr'>diu.</span> <span class='ocrx_word' id='word_1_171' title='bbox 718 2580 817 2660; x_wconf 81' lang='lat'>1123,</span> <span class='ocrx_word' id='word_1_172' title='bbox 833 2580 884 2660; x_wconf 87' lang='lat'>50,</span> <span class='ocrx_word' id='word_1_173' title='bbox 907 2579 962 2644; x_wconf 90' lang='lat' dir='ltr'>ubi</span> <span class='ocrx_word' id='word_1_174' title='bbox 978 2580 1080 2662; x_wconf 78' lang='lat' dir='ltr'>Tages</span> <span class='ocrx_word' id='word_1_175' title='bbox 1102 2580 1227 2662; x_wconf 86' lang='lat' dir='ltr'>aruspi-</span> 
     </span>
     <span class='ocr_line' id='line_1_23' title="bbox 153 2681 1230 2761; baseline -0.002 -12"><span class='ocrx_word' id='word_1_176' title='bbox 153 2683 254 2749; x_wconf 83' lang='lat' dir='ltr'><strong>cinam</strong></span> <span class='ocrx_word' id='word_1_177' title='bbox 287 2683 433 2747; x_wconf 83' lang='lat' dir='ltr'><strong>docuisse</strong></span> <span class='ocrx_word' id='word_1_178' title='bbox 462 2683 617 2761; x_wconf 89' lang='lat' dir='ltr'>traditur;</span> <span class='ocrx_word' id='word_1_179' title='bbox 650 2681 690 2746; x_wconf 88' lang='lat' dir='ltr'>al.</span> <span class='ocrx_word' id='word_1_180' title='bbox 721 2682 839 2747; x_wconf 87' lang='lat' dir='ltr'>Tamen</span> <span class='ocrx_word' id='word_1_181' title='bbox 868 2682 942 2746; x_wconf 88' lang='lat' dir='ltr'>huic</span> <span class='ocrx_word' id='word_1_182' title='bbox 973 2682 1230 2747; x_wconf 82' lang='lat' dir='ltr'>narratiunculae</span> 
     </span>
     <span class='ocr_line' id='line_1_24' title="bbox 153 2785 1230 2866; baseline 0.002 -17"><span class='ocrx_word' id='word_1_183' title='bbox 153 2785 312 2866; x_wconf 82' lang='lat' dir='ltr'>singulare</span> <span class='ocrx_word' id='word_1_184' title='bbox 335 2786 495 2866; x_wconf 87' lang='lat' dir='ltr'>quoddam</span> <span class='ocrx_word' id='word_1_185' title='bbox 518 2786 609 2850; x_wconf 89' lang='lat' dir='ltr'>inest.</span> <span class='ocrx_word' id='word_1_186' title='bbox 654 2785 947 2849; x_wconf 87' lang='lat' dir='ltr'>Animaduertimus</span> <span class='ocrx_word' id='word_1_187' title='bbox 969 2785 1062 2864; x_wconf 89' lang='lat' dir='ltr'>enim,</span> <span class='ocrx_word' id='word_1_188' title='bbox 1093 2786 1148 2865; x_wconf 93' lang='lat' dir='ltr'>qui</span> <span class='ocrx_word' id='word_1_189' title='bbox 1171 2785 1230 2851; x_wconf 85' lang='lat' dir='ltr'>hoo</span> 
     </span>
     <span class='ocr_line' id='line_1_25' title="bbox 153 2885 1230 2970; baseline -0.001 -19"><span class='ocrx_word' id='word_1_190' title='bbox 153 2887 220 2952; x_wconf 88' lang='lat' dir='ltr'>loco</span> <span class='ocrx_word' id='word_1_191' title='bbox 257 2887 396 2949; x_wconf 73' lang='grc' dir='ltr'>Τοῦσκοι</span> <span class='ocrx_word' id='word_1_192' title='bbox 433 2887 576 2965; x_wconf 87' lang='lat' dir='ltr'>audiant,</span> <span class='ocrx_word' id='word_1_193' title='bbox 613 2886 684 2952; x_wconf 86' lang='lat' dir='ltr'>aliis</span> <span class='ocrx_word' id='word_1_194' title='bbox 721 2887 845 2951; x_wconf 89' lang='lat' dir='ltr'>duobus</span> <span class='ocrx_word' id='word_1_195' title='bbox 878 2887 1015 2970; x_wconf 84' lang='lat' dir='ltr'>catalogi</span> <span class='ocrx_word' id='word_1_196' title='bbox 1047 2887 1125 2953; x_wconf 87' lang='lat' dir='ltr'>locis</span> <span class='ocrx_word' id='word_1_197' title='bbox 1158 2885 1230 2951; x_wconf 85' lang='lat' dir='ltr'>aliis</span> 
     </span>
     <span class='ocr_line' id='line_1_26' title="bbox 155 2985 1230 3073; baseline 0.002 -21"><span class='ocrx_word' id='word_1_198' title='bbox 155 2989 333 3053; x_wconf 81' lang='lat' dir='ltr'>nominibus</span> <span class='ocrx_word' id='word_1_199' title='bbox 364 2991 484 3054; x_wconf 88' lang='lat' dir='ltr'>notari:</span> <span class='ocrx_word' id='word_1_200' title='bbox 513 2995 610 3071; x_wconf 89' lang='lat' dir='ltr'>atque</span> <span class='ocrx_word' id='word_1_201' title='bbox 647 2985 802 3073; x_wconf 72' lang='grc' dir='ltr'>Τυρσηνοί</span> <span class='ocrx_word' id='word_1_202' title='bbox 834 2990 961 3071; x_wconf 92' lang='lat' dir='ltr'>quidem</span> <span class='ocrx_word' id='word_1_203' title='bbox 993 2988 1095 3054; x_wconf 87' lang='lat' dir='ltr'>forma</span> <span class='ocrx_word' id='word_1_204' title='bbox 1118 2991 1151 3070; x_wconf 66' lang='grc' dir='ltr'>(ξ</span> <span class='ocrx_word' id='word_1_205' title='bbox 1176 2988 1230 3071; x_wconf 92' lang='grc'>11)</span> 
     </span>
     <span class='ocr_line' id='line_1_27' title="bbox 153 3090 1231 3173; baseline 0.001 -19"><span class='ocrx_word' id='word_1_206' title='bbox 153 3092 272 3173; x_wconf 86' lang='lat' dir='ltr'>optime</span> <span class='ocrx_word' id='word_1_207' title='bbox 302 3093 440 3173; x_wconf 86' lang='lat' dir='ltr'>quadrat</span> <span class='ocrx_word' id='word_1_208' title='bbox 469 3093 510 3157; x_wconf 97' lang='lat' dir='ltr'>ad</span> <span class='ocrx_word' id='word_1_209' title='bbox 542 3091 697 3157; x_wconf 85' lang='lat' dir='ltr'>Graecum</span> <span class='ocrx_word' id='word_1_210' title='bbox 726 3090 855 3171; x_wconf 87' lang='lat' dir='ltr'>fontem,</span> <span class='ocrx_word' id='word_1_211' title='bbox 886 3110 978 3172; x_wconf 89' lang='lat' dir='ltr'>quem</span> <span class='ocrx_word' id='word_1_212' title='bbox 1009 3091 1096 3157; x_wconf 85' lang='lat' dir='ltr'>locus</span> <span class='ocrx_word' id='word_1_213' title='bbox 1117 3092 1231 3172; x_wconf 85' lang='lat' dir='ltr'>poscit,</span> 
     </span>
    </p>
   </div>
   <div class='ocr_carea' id='block_1_3' title="bbox 153 3317 1230 3993">
    <p class='ocr_par' dir='ltr' id='par_1_9' title="bbox 153 3317 1230 3993">
     <span class='ocr_line' id='line_1_28' title="bbox 153 3317 1230 3398; baseline 0.002 -24"><span class='ocrx_word' id='word_1_214' title='bbox 153 3317 323 3377; x_wconf 87' lang='lat' dir='ltr'>adiumento</span> <span class='ocrx_word' id='word_1_215' title='bbox 346 3319 435 3389; x_wconf 84' lang='lat' dir='ltr'>narni,</span> <span class='ocrx_word' id='word_1_216' title='bbox 457 3337 525 3376; x_wconf 90' lang='lat' dir='ltr'>nam</span> <span class='ocrx_word' id='word_1_217' title='bbox 540 3338 578 3376; x_wconf 89' lang='lat' dir='ltr'>ne</span> <span class='ocrx_word' id='word_1_218' title='bbox 601 3318 691 3377; x_wconf 82' lang='lat' dir='ltr'>ueteri</span> <span class='ocrx_word' id='word_1_219' title='bbox 707 3319 825 3397; x_wconf 88' lang='lat' dir='ltr'>quidem</span> <span class='ocrx_word' id='word_1_220' title='bbox 849 3319 977 3376; x_wconf 84' lang='lat' dir='ltr'>editores</span> <span class='ocrx_word' id='word_1_221' title='bbox 990 3319 1230 3398; x_wconf 84' lang='lat' dir='ltr'>interpretesquo</span> 
     </span>
     <span class='ocr_line' id='line_1_29' title="bbox 154 3402 1230 3482; baseline 0.002 -22"><span class='ocrx_word' id='word_1_222' title='bbox 154 3402 277 3462; x_wconf 91' lang='lat' dir='ltr'>multum</span> <span class='ocrx_word' id='word_1_223' title='bbox 294 3405 486 3481; x_wconf 80' lang='lat' dir='ltr'>profecerunt</span> <span class='ocrx_word' id='word_1_224' title='bbox 500 3404 532 3461; x_wconf 87' lang='lat' dir='ltr'>in</span> <span class='ocrx_word' id='word_1_225' title='bbox 547 3405 679 3476; x_wconf 86' lang='lat' dir='ltr'>materia,</span> <span class='ocrx_word' id='word_1_226' title='bbox 695 3423 783 3482; x_wconf 86' lang='lat' dir='ltr'>quam</span> <span class='ocrx_word' id='word_1_227' title='bbox 798 3404 980 3462; x_wconf 76' lang='lat' dir='ltr'>tractandam</span> <span class='ocrx_word' id='word_1_228' title='bbox 997 3405 1068 3461; x_wconf 80' lang='lat' dir='ltr'>mihi</span> <span class='ocrx_word' id='word_1_229' title='bbox 1085 3423 1230 3479; x_wconf 83' lang='lat' dir='ltr'>proposu-</span> 
     </span>
     <span class='ocr_line' id='line_1_30' title="bbox 153 3489 1227 3565; baseline 0.001 -20"><span class='ocrx_word' id='word_1_230' title='bbox 153 3507 241 3548; x_wconf 87' lang='lat' dir='ltr'>eram.</span> <span class='ocrx_word' id='word_1_231' title='bbox 286 3491 409 3565; x_wconf 76' lang='lat' dir='ltr'>Innpexi</span> <span class='ocrx_word' id='word_1_232' title='bbox 433 3490 509 3547; x_wconf 88' lang='lat' dir='ltr'>enim</span> <span class='ocrx_word' id='word_1_233' title='bbox 535 3489 681 3548; x_wconf 84' lang='lat' dir='ltr'>editiones</span> <span class='ocrx_word' id='word_1_234' title='bbox 703 3489 865 3548; x_wconf 84' lang='lat' dir='ltr'>Clementis</span> <span class='ocrx_word' id='word_1_235' title='bbox 887 3490 990 3548; x_wconf 83' lang='lat' dir='ltr'>hasne:</span> <span class='ocrx_word' id='word_1_236' title='bbox 1024 3490 1227 3548; x_wconf 82' lang='lat' dir='ltr'>Florentinum</span> 
     </span>
     <span class='ocr_line' id='line_1_31' title="bbox 153 3574 1227 3652; baseline 0 -20"><span class='ocrx_word' id='word_1_237' title='bbox 153 3576 223 3632; x_wconf 90' lang='lat' dir='ltr'>anni</span> <span class='ocrx_word' id='word_1_238' title='bbox 244 3579 342 3646; x_wconf 82' lang='lat'>1550;</span> <span class='ocrx_word' id='word_1_239' title='bbox 365 3574 577 3652; x_wconf 82' lang='lat' dir='ltr'>Sylburgianas</span> <span class='ocrx_word' id='word_1_240' title='bbox 592 3575 661 3632; x_wconf 90' lang='lat' dir='ltr'>anni</span> <span class='ocrx_word' id='word_1_241' title='bbox 682 3579 757 3633; x_wconf 84' lang='lat'>1641</span> <span class='ocrx_word' id='word_1_242' title='bbox 777 3581 807 3633; x_wconf 85' lang='lat' dir='ltr'>et</span> <span class='ocrx_word' id='word_1_243' title='bbox 821 3575 890 3632; x_wconf 88' lang='lat' dir='ltr'>anni</span> <span class='ocrx_word' id='word_1_244' title='bbox 909 3579 1007 3648; x_wconf 82' lang='lat'>16883</span> <span class='ocrx_word' id='word_1_245' title='bbox 1025 3575 1227 3634; x_wconf 81' lang='lat' dir='ltr'>Potterianam</span> 
     </span>
     <span class='ocr_line' id='line_1_32' title="bbox 153 3661 1230 3740; baseline 0.002 -23"><span class='ocrx_word' id='word_1_246' title='bbox 153 3661 223 3718; x_wconf 89' lang='lat' dir='ltr'>anni</span> <span class='ocrx_word' id='word_1_247' title='bbox 240 3663 334 3732; x_wconf 82' lang='lat'>1715;</span> <span class='ocrx_word' id='word_1_248' title='bbox 350 3661 540 3719; x_wconf 84' lang='lat' dir='ltr'>Klotzianam</span> <span class='ocrx_word' id='word_1_249' title='bbox 554 3661 623 3718; x_wconf 87' lang='lat' dir='ltr'>anni</span> <span class='ocrx_word' id='word_1_250' title='bbox 644 3664 721 3718; x_wconf 83' lang='lat'>1831</span> <span class='ocrx_word' id='word_1_251' title='bbox 740 3681 822 3740; x_wconf 84' lang='lat' dir='ltr'>aqq.;</span> <span class='ocrx_word' id='word_1_252' title='bbox 837 3681 908 3719; x_wconf 82' lang='lat' dir='ltr'>usus</span> <span class='ocrx_word' id='word_1_253' title='bbox 923 3681 988 3720; x_wconf 82' lang='lat' dir='ltr'>sum</span> <span class='ocrx_word' id='word_1_254' title='bbox 1003 3661 1151 3720; x_wconf 87' lang='lat' dir='ltr'>Dindorfii</span> <span class='ocrx_word' id='word_1_255' title='bbox 1167 3662 1230 3719; x_wconf 88' lang='lat' dir='ltr'>edi·</span> 
     </span>
     <span class='ocr_line' id='line_1_33' title="bbox 153 3746 1230 3822; baseline -0.001 -17"><span class='ocrx_word' id='word_1_256' title='bbox 153 3747 236 3805; x_wconf 87' lang='lat' dir='ltr'>tione</span> <span class='ocrx_word' id='word_1_257' title='bbox 250 3766 328 3805; x_wconf 85' lang='lat' dir='ltr'>anno</span> <span class='ocrx_word' id='word_1_258' title='bbox 347 3751 427 3804; x_wconf 90' lang='grc'>1869</span> <span class='ocrx_word' id='word_1_259' title='bbox 442 3747 521 3804; x_wconf 84' lang='lat' dir='ltr'>foras</span> <span class='ocrx_word' id='word_1_260' title='bbox 537 3747 653 3806; x_wconf 84' lang='lat' dir='ltr'>emissa.</span> <span class='ocrx_word' id='word_1_261' title='bbox 663 3780 703 3788; x_wconf 92' lang='lat'><em>—</em></span> <span class='ocrx_word' id='word_1_262' title='bbox 721 3748 760 3804; x_wconf 84' lang='lat' dir='ltr'>Et</span> <span class='ocrx_word' id='word_1_263' title='bbox 774 3747 850 3805; x_wconf 76' lang='lat' dir='ltr'>siout</span> <span class='ocrx_word' id='word_1_264' title='bbox 864 3766 953 3822; x_wconf 84' lang='lat' dir='ltr'>supra</span> <span class='ocrx_word' id='word_1_265' title='bbox 967 3747 999 3805; x_wconf 91' lang='lat' dir='ltr'>in</span> <span class='ocrx_word' id='word_1_266' title='bbox 1015 3746 1133 3806; x_wconf 82' lang='lat' dir='ltr'>Tatiani</span> <span class='ocrx_word' id='word_1_267' title='bbox 1149 3753 1230 3805; x_wconf 88' lang='lat' dir='ltr'>cata-</span> 
     </span>
     <span class='ocr_line' id='line_1_34' title="bbox 154 3832 1229 3912; baseline 0.002 -24"><span class='ocrx_word' id='word_1_268' title='bbox 154 3832 221 3906; x_wconf 83' lang='lat' dir='ltr'>logo</span> <span class='ocrx_word' id='word_1_269' title='bbox 236 3833 411 3891; x_wconf 85' lang='lat' dir='ltr'>illustrando</span> <span class='ocrx_word' id='word_1_270' title='bbox 426 3832 494 3905; x_wconf 81' lang='lat' dir='ltr'>feci,</span> <span class='ocrx_word' id='word_1_271' title='bbox 516 3833 558 3890; x_wconf 90' lang='lat' dir='ltr'>ita</span> <span class='ocrx_word' id='word_1_272' title='bbox 580 3851 659 3890; x_wconf 90' lang='lat' dir='ltr'>nuno</span> <span class='ocrx_word' id='word_1_273' title='bbox 681 3850 799 3912; x_wconf 81' lang='lat' dir='ltr'>quoque</span> <span class='ocrx_word' id='word_1_274' title='bbox 815 3833 948 3892; x_wconf 84' lang='lat' dir='ltr'>omittam</span> <span class='ocrx_word' id='word_1_275' title='bbox 964 3833 1133 3892; x_wconf 83' lang='lat' dir='ltr'>testimonia</span> <span class='ocrx_word' id='word_1_276' title='bbox 1148 3833 1229 3892; x_wconf 83' lang='lat' dir='ltr'>Tati-</span> 
     </span>
     <span class='ocr_line' id='line_1_35' title="bbox 154 3917 1229 3993; baseline 0.003 -18"><span class='ocrx_word' id='word_1_277' title='bbox 154 3918 211 3992; x_wconf 80' lang='lat' dir='ltr'>am,</span> <span class='ocrx_word' id='word_1_278' title='bbox 244 3917 374 3990; x_wconf 77' lang='lat' dir='ltr'>Eusebii,</span> <span class='ocrx_word' id='word_1_279' title='bbox 404 3918 592 3992; x_wconf 78' lang='lat' dir='ltr'>Theodoreti,</span> <span class='ocrx_word' id='word_1_280' title='bbox 624 3917 757 3993; x_wconf 82' lang='lat' dir='ltr'>Gregorii</span> <span class='ocrx_word' id='word_1_281' title='bbox 781 3919 862 3992; x_wconf 73' lang='lat' dir='ltr'>Naz„</span> <span class='ocrx_word' id='word_1_282' title='bbox 893 3919 1040 3978; x_wconf 83' lang='lat' dir='ltr'>Theodori</span> <span class='ocrx_word' id='word_1_283' title='bbox 1063 3920 1229 3978; x_wconf 87' lang='lat' dir='ltr'>Prodromi.</span> 
     </span>
    </p>
   </div>
   <div class='ocr_carea' id='block_1_4' title="bbox 0 0 1401 4642">
    <p class='ocr_par' dir='ltr' id='par_1_10' title="bbox 0 0 1401 4642">
     <span class='ocr_line' id='line_1_36' title="bbox 0 0 1401 4642; baseline 0 0"><span class='ocrx_word' id='word_1_284' title='bbox 0 0 1401 4642; x_wconf 95' lang='lat' dir='ltr'> </span> 
     </span>
    </p>
   </div>
  </div>
 </body>
</html>
