2782 4642
680 296 891 361 -94-

247 466 446 532 inuenturum
460 470 489 545 ι)
505 467 640 534 indicem
656 467 702 534 ita
716 467 898 550 appingunt,
921 473 956 533 ut
971 485 1182 548 numerorum,
1207 467 1326 549 quibus

248 566 428 651 Hyginiana
450 570 636 636 henremata
658 570 816 653 insigniat,
837 570 951 635 seriem
974 571 1157 651 producam.

365 773 561 840 Heuremata
582 795 600 841 e
623 774 889 841 Cassiodorii
919 774 1028 839 Variis
1049 775 1200 840 conlecta.

333 979 352 1061 ξ
374 979 416 1044 39
439 998 506 1049 uar.
530 980 597 1045 12.
622 979 684 1062 (De
706 978 872 1062 purpura.)
903 976 1041 1059 „Verum
1075 978 1149 1044 talis
1171 985 1328 1058 tantaque

249 1100 301 1146 res
323 1099 418 1162 quam
443 1081 527 1150 facili
550 1082 666 1164 legitur
682 1084 812 1147 iuuenta
826 1081 1028 1162 compendiat
1051 1101 1121 1146 cum
1137 1079 1221 1146 fame
1235 1082 1327 1146 conis

247 1185 344 1249 auida
359 1185 389 1249 in
406 1185 501 1269 Tyrio
516 1185 624 1250 littore
645 1185 789 1267 proiecta
810 1184 1036 1265 conchylia
1058 1183 1221 1266 impressis
1236 1202 1327 1246 man·

250 1286 370 1352 dibnlis
393 1289 599 1370 contudisset,
628 1286 684 1352 illa
714 1287 902 1353 naturaliter
930 1287 1092 1352 humorem
1116 1286 1326 1367 sanguineum

248 1387 421 1454 defluentia
443 1380 501 1455 ora
521 1389 590 1455 eius
613 1389 750 1454 mirabili
767 1389 869 1455 colore
885 1391 1056 1454 tinxerunt.
1079 1398 1112 1454 et
1134 1396 1171 1453 ut
1192 1393 1242 1452 est
1257 1405 1326 1451 mos

249 1489 429 1556 hominibus
460 1493 639 1558 occasiones
673 1493 855 1572 repentinas
886 1493 927 1556 ad
961 1499 1048 1556 artes
1080 1493 1213 1569 docere,
1245 1491 1327 1555 talia

247 1594 392 1675 exempla
423 1595 613 1660 meditantes
635 1593 777 1660 lecerunt
799 1595 996 1675 principibus
1028 1596 1125 1658 decus
1156 1591 1258 1657 nobile
1284 1594 1327 1656 cle

251 1714 294 1775 re,
318 1715 400 1778 quae
421 1696 634 1763 substantiam
658 1698 801 1763 noscitur
823 1697 940 1763 habere
963 1697 1184 1762 mediocrem.“
1216 1697 1329 1760 Addas

250 1798 293 1861 ad
317 1799 400 1883 Hyg.
422 1800 441 1882 ξ
463 1799 514 1864 23.
559 1798 605 1865 cf.
629 1800 759 1878 Gregor.
782 1800 801 1882 ἓ
825 1802 873 1866 10.

333 1901 352 1984 ξ
373 1904 416 1969 40
437 1901 619 1967 uar.1140.
649 1901 921 1983 „micuerant
936 1903 978 1967 ad
992 1901 1200 1966 imitationem
1218 1901 1329 1964 uariae

252 2005 422 2068 testudinis
444 2003 620 2069 Mercurius
642 2005 760 2069 dicitur
781 2004 1014 2085 inuenisse“²).
1052 2003 1232 2082 coniungas
1254 2021 1327 2067 cum

249 2106 268 2186 ξ
291 2107 356 2290 325
376 2209 417 2274 41
441 2228 509 2274 nar.
532 2208 581 2274 111
603 2209 654 2274 31.
676 2211 780 2289 „Aes
802 2208 859 2272 Ion
882 2207 936 2292 [ci.
958 2226 1055 2290 supra
1078 2227 1109 2288 p.
1131 2207 1173 2271 93
1195 2209 1270 2272 adn.
1292 2205 1326 2289 l]

254 2311 434 2378 Thessaliae
456 2330 511 2374 rex
531 2310 731 2394 (repperit).“
754 2311 934 2392 Coniungas
957 2329 1025 2375 cum
1050 2311 1068 2393 5
1092 2311 1121 2375 l.

340 2569 369 2646 1)
400 2569 552 2628 Knaachio
583 2570 623 2646 (p.
648 2575 710 2629 592
734 2591 763 2630 n.
786 2575 816 2642 4)
846 2571 987 2629 adsensus
1018 2570 1102 2629 omisi
1134 2589 1195 2632 uar.
1218 2569 1263 2628 IV
1288 2574 1323 2628 51

254 2657 473 2729 „orcheatarum
496 2655 590 2734 (corr.
611 2652 763 2718 Knaack.
781 2674 843 2738 pro
857 2656 1065 2733 horcistarum)
1088 2661 1181 2715 artem
1204 2654 1328 2732 aPoly·

237 2742 374 2818 ‘hymnia
395 2760 478 2800 musa
499 2743 653 2800 inuentam
675 2746 767 2813 esse“,
790 2761 856 2800 oum
878 2747 940 2801 tota
954 2743 1043 2800 huius
1058 2741 1200 2818 epistolae
1216 2741 1329 2815 digres-

254 2829 297 2886 sio
320 2828 356 2885 ad
379 2827 511 2886 libellum
535 2827 680 2886 derebus
711 2828 852 2887 scaenicis
882 2827 1080 2902 conscriptum
1105 2828 1260 2887 referenda
1282 2828 1330 2888 ait.

252 2913 362 2971 Eodem
396 2913 546 2988 pertinent
576 2914 633 2971 duo
668 2919 820 2988 praeterea
851 2913 981 2985 inuenta,
1023 2932 1099 2993 quae
1128 2915 1230 2973 eodem
1263 2914 1328 2972 loco

252 2998 407 3072 leguntur:
438 2999 654 3070 „Athenienses
683 2999 810 3074 primum
837 3004 952 3074 agreste
983 3000 1160 3076 principium
1193 2999 1328 3076 (theatri)

252 3085 283 3140 in
306 3085 451 3141 urbanum
467 3084 665 3158 spectaculum
681 3085 891 3160 conlegerunt“
915 3090 945 3144 et
966 3086 1096 3157 „hlimus
1118 3129 1127 3147 .
1151 3129 1158 3145 .
1182 3129 1189 3144 .
1214 3132 1221 3148 .
1244 3092 1329 3144 tanta

252 3168 438 3227 Philistionis
460 3169 575 3228 cautela
596 3176 730 3245 repertus
760 3176 814 3243 ast,
844 3177 878 3230 ut
906 3171 970 3229 eius
999 3178 1083 3231 actus
1112 3175 1273 3248 poneretur
1294 3169 1327 3225 in

253 3253 388 3313 litteris“.
412 3289 454 3297 -
476 3255 568 3312 Porro
592 3275 627 3313 ea
649 3256 780 3328 inuenta,
802 3275 878 3335 quae
901 3258 1027 3315 erebus
1050 3257 1178 3316 Iudaicis
1199 3254 1328 3330 repetita

253 3346 331 3413 sunt,
354 3360 414 3398 non
436 3341 565 3415 respexi,
589 3342 659 3420 quia
680 3344 716 3400 ab
739 3342 839 3400 indole
861 3341 987 3416 catalogi
1010 3343 1091 3420 Hyg.
1113 3343 1281 3401 abhorrent

339 3428 371 3502 2)
394 3427 442 3484 De'
460 3427 549 3485 huius
571 3427 688 3505 quidem
711 3426 826 3487 inuenti
850 3427 965 3503 origine
988 3429 1114 3488 dubitari
1130 3432 1235 3504 potest,
1260 3446 1326 3486 cum

254 3511 389 3587 copiosae
412 3512 447 3570 de
469 3519 532 3571 arte
554 3513 664 3571 musica
686 3512 878 3588 disputationi
900 3514 1048 3574 intextum
1071 3514 1192 3588 legatur.
1237 3511 1327 3570 Sede

254 3597 379 3656 diuersis
400 3597 533 3656 fontibus
555 3597 756 3657 Cassiodorius
777 3599 851 3674 ipse,
875 3619 950 3679 quae
966 3619 1091 3658 excursu
1105 3596 1193 3658 huius
1217 3597 1328 3674 episto-

253 3682 299 3743 lae
321 3682 456 3758 protulit,
478 3683 676 3758 composuisse
698 3683 772 3742 mihi
794 3684 920 3756 uidetur,
944 3686 1022 3743 inter
1043 3684 1100 3742 alia
1121 3683 1199 3742 enim
1216 3685 1327 3743 dictum

254 3769 400 3848 quoddam
422 3767 540 3830 Terent.
570 3769 665 3826 Mauri
696 3767 745 3845 (da
773 3775 857 3830 metr.
884 3775 963 3829 1580
979 3770 1037 3848 sq.)
1063 3770 1204 3843 exhibet3
1236 3777 1327 3850 atque

252 3854 407 3914 inuentum
424 3872 543 3929 prorsus
559 3855 807 3915 accommodatum
831 3862 875 3916 est
897 3857 933 3914 ad
949 3856 1028 3935 Hyg.
1044 3855 1171 3932 catalogi
1185 3856 1328 3918 indolem.
