2782 4642
540 341 646 426 „¹43
689 377 732 388 -

94 509 277 576 inuentores
313 509 456 576 laudare.
511 512 594 589 Quin
642 512 804 594 catalogos
840 513 935 578 etiam
973 513 1173 580 inuenturum

94 618 207 693 poetae
230 619 473 693 composuerunt
496 632 717 694 nonnunquam
741 620 973 691 enumerantes,
1003 634 1085 696 quae
1106 618 1174 681 uni-

90 716 287 799 *uscuiusquc
302 702 412 797 populi
427 715 577 797 oppidiue
599 718 731 798 propria
753 724 859 784 essent
877 723 974 799 atque
996 737 1078 799 qnae
1100 719 1174 784 inde

94 820 308 899 prouenirent.
354 817 537 884 Cuiusmodi
559 819 703 899 exempla
725 819 900 900 compluria
922 839 960 884 ex
983 819 1174 900 Antiphane,

94 922 280 1001 Hermippo,
310 921 460 999 Pindaro,
491 921 591 986 Oritia
620 921 723 1001 petita
754 920 937 985 Athenaeus
966 921 982 984 I
1010 941 1039 1001 p.
1070 923 1109 987 27
1127 941 1173 1004 sq.

94 1025 264 1103 congessit,
280 1043 318 1088 ex
334 1024 448 1105 quibus
464 1023 520 1087 hos
537 1023 655 1088 Critiae
671 1024 780 1087 versus
802 1041 977 1104 apponam:
1000 1020 1174 1101 „motor-sac

95 1126 124 1188 d’
146 1114 238 1211 εὗρον
260 1121 434 1210 γροίμμοτα
455 1117 636 1208 ἀλεξίλογα.
672 1121 762 1209 Θίβη
782 1124 810 1188 δ’
830 1120 1033 1209 ἁρματόεντα
1054 1123 1172 1213 δίφρον

97 1225 301 1313 συνεπήξατο
324 1225 438 1314 πρώτη
454 1249 460 1264 ·
477 1228 656 1314 φορτηγοίς
679 1227 708 1291 d’
724 1221 865 1306 ἀκάτους
881 1230 992 1313 Κᾶρες
1015 1225 1095 1306 ἁλὸς
1116 1253 1173 1293 τα-

93 1328 177 1414 μίαι.
202 1331 260 1394 τὸν
283 1330 319 1395 δὲ·
344 1331 459 1417 τροχὸν
474 1328 570 1414 γαίας
591 1354 626 1395 τε
641 1327 778 1414 καμίνου
800 1332 829 1393 τ’
841 1326 971 1413 ἔκγονον
986 1320 1066 1417 εὗρε,
1088 1331 1174 1395 κλει-

93 1431 229 1499 νότατον
244 1432 395 1518 κέραμον,
408 1429 566 1521 χρήσιμον
580 1428 763 1517 οἰκονόμον,
780 1428 796 1496 i
812 1432 849 1496 τί
868 1431 967 1496 καλὸν
983 1437 1171 1519 Μαραθῶνι

93 1533 326 1624 καταστήσασα
348 1533 537 1623 τρόπαιον.“

179 1640 300 1705 Deinde
323 1641 512 1722 quicumque
534 1640 710 1721 peculiares
732 1641 772 1704 de
787 1639 918 1719 singulis
934 1639 1172 1720 disciplinarum

93 1743 275 1823 artiumque
290 1742 458 1823 generibus
473 1741 990 1823 commentariosconscripserunt,
1007 1742 1046 1805 de
1062 1742 1173 1807 heure-

94 1845 191 1909 matis
223 1845 270 1909 sui
302 1845 480 1926 argumenti
510 1844 766 1925 disputauerunt,
798 1845 824 1908 si
855 1845 928 1908 inde
950 1864 970 1908 a
992 1844 1174 1923 primordiis

94 1946 222 2028 quidem
246 1965 295 2012 res
318 1946 596 2028 persequebantur.
642 1947 733 2025 Nam,
756 1953 792 2010 ut
806 1946 989 2011 testimonia
1005 1946 1174 2038 proferam,

95 2049 275 2113 Aristoxeni
297 2048 449 2114 librorum
474 2051 528 2130 qui
558 2056 648 2114 erant
676 2047 755 2131 περὶ
776 2050 928 2133 τρομκὶς
960 2040 1118 2134 ὀρχήσεως
1142 2056 1175 2114 et

92 2148 169 2236 περὶ
198 2154 355 2237 μουσικῆς
383 2151 485 2233 (FHG
508 2152 540 2216 II
560 2170 592 2232 p.
615 2151 677 2217 269
693 2151 775 2233 sqq.)
807 2156 840 2215 et
868 2151 967 2216 Iubae
997 2154 1173 2238 θεατρικῆς

93 2249 242 2335 ἱστορίας
265 2254 299 2335 (l.
323 2255 343 2318 l.
366 2255 415 2319 ΙΙΙ
436 2275 468 2336 p.
489 2254 554 2320 465
569 2257 651 2338 sqq.)
667 2255 846 2336 fragmenta
862 2255 1061 2318 inuentorum
1077 2254 1173 2336 plena

92 2362 183 2435 sont;
207 2377 246 2422 ex
267 2357 424 2443 μουσικῆς
446 2352 593 2442 ἱστορίας
615 2358 705 2422 libris
723 2356 864 2439 Dionysii
887 2356 971 2434 Hal,
993 2358 1046 2436 qui
1070 2358 1172 2437 primo

93 2476 217 2540 semper
239 2460 307 2525 luco
331 2460 392 2526 huc
415 2460 552 2525 animum
569 2461 717 2540 attendit,
741 2461 817 2539 quid
832 2459 966 2540 quisque
988 2459 1172 2540 inuenisset,

93 2562 237 2641 plurima
251 2563 437 2638 heuremata
466 2563 508 2626 ad
536 2562 705 2639 ,historiam
737 2565 902 2642 poetarum
926 2567 959 2624 et
980 2562 1171 2627 musicorum

91 2664 286 2743 pertinentia
309 2682 407 2745 usque
430 2666 462 2729 in
485 2665 607 2729 Suidae
624 2664 745 2729 lexicon
767 2666 1028 2745 manauerant1).
1073 2662 1171 2727 Porro

92 2765 196 2831 Procli
216 2761 448 2852 χρηστομαθίρ
471 2773 579 2831 notum
604 2773 653 2831 est
675 2765 830 2831 contineri
854 2767 887 2848 1)
910 2783 1027 2845 genera
1049 2766 1171 2830 littera-

93 2888 172 2947 rum,
210 2871 245 2950 2)
268 2870 540 2949 inuenturos,
579 2870 613 2947 3)
636 2886 770 2932 canones
802 2868 856 2948 qui
887 2868 1035 2933 dicuntur
1064 2868 1172 2950 classi·

94 2989 219 3051 corum,
243 2979 339 3055 atquc
362 2973 416 3053 qui
438 2971 603 3037 Plutarchi
626 2968 703 3055 περὶ
725 2972 882 3056 μουσικῆς
904 2971 954 3034 uel
984 2970 1171 3036 Philostrati

94 3071 312 3157 γυμναστικός
341 3077 395 3157 qui
425 3075 609 3140 inscribitur
640 3073 780 3139 libellum
811 3073 1020 3152 percurrerit,
1050 3073 1170 3153 largam

92 3177 187 3242 huius
209 3178 362 3243 materiae
384 3178 507 3258 copiam
530 3177 755 3258 deprehendet.
1200 3239 1204 3247 .

178 3281 262 3346 Prae
285 3281 398 3346 ceteris
420 3286 526 3346 autern
550 3280 632 3345 duae
654 3279 830 3359 singulares
851 3278 1040 3358 scriptorum
1057 3277 1172 3343 classes

93 3383 246 3448 historiae
269 3383 467 3448 inuentorum
491 3383 692 3462 studuerunt,
715 3388 751 3446 ut
773 3383 804 3446 in
829 3399 919 3446 usum
942 3387 1170 3445 conuerterent.

93 3485 234 3550 Primum
258 3486 281 3550 ii
303 3484 573 3566 philosophi,
596 3487 650 3564 qui
673 3478 1170 3569 mpoapcrcrcaorigllcum·

189 3661 218 3738 l)
250 3663 293 3721 cf.
322 3660 579 3719 Wachsmuthium
609 3657 711 3740 Symb.
733 3656 841 3738 philol.
863 3655 974 3721 Βονινι.
1013 3661 1104 3715 1864.
1142 3676 1170 3731 p.

97 3749 178 3805 roos
224 3791 230 3805 .

180 3767 222 3906 (gl
239 3834 283 3893 uf.
306 3834 506 3893 Hartlichium
533 3829 625 3897 Shad.
647 3828 737 3911 Ιοςιε.
759 3831 818 3891 uol.
841 3831 890 3889 XI
921 3833 1011 3888 1889.
1034 3826 1171 3903 inprimis

93 3937 123 3993 p.
146 3925 207 3981 284
218 3940 284 4000 sqq.
986 4009 1004 4050 *

969 4022 982 4077 l
