2782 4642
530 341 743 407 ..55-

69 509 297 576 enuntiatum
320 529 382 592 quo
405 528 525 576 conexu
547 511 717 578 cohaereat
739 529 810 577 cum
825 512 876 592 iis,
899 516 933 577 et
947 530 1029 593 quae
1050 519 1177 580 anteco·

73 613 176 678 dunt
207 619 240 677 et
271 631 353 695 quae
383 621 551 696 secuntur,
583 613 731 693 equidem
764 632 824 678 non
854 632 986 695 prorsus
1016 615 1176 696 intellego.

82 713 248 780 Fortasse
277 715 338 781 hac
367 715 573 782 adnotatione
604 733 731 780 monere
764 716 865 782 uoluit
894 717 1048 798 Clemens,
1079 717 1176 782 etiam

75 816 332 901 philosophiam
353 823 459 883 totam
470 817 664 884 Graecorum
687 836 757 884 esse
781 823 956 900 recentem;
990 822 1063 887 nam
1085 820 1102 884 I
1125 819 1176 898 14,

86 921 149 1000 el,
179 928 349 1003 postquam
378 921 419 986 de
449 928 572 1002 septem
603 920 801 1003 sapientibus
829 922 985 1001 narrauit,
1017 915 1106 1009 „ripa
1128 918 1174 1002 δὲ,

87 1023 151 1102 ait,
173 1017 378 1110 Πυθαγόρας
401 1071 408 1087 .
431 1072 438 1088 .
459 1073 467 1088 .
490 1073 497 1089 .
527 1018 712 1108 φιλόσοφον
735 1017 849 1088 ἑαυτὸν
870 1023 1042 1109 πρῶτος
1064 1016 1176 1110 ἀνηγό-

94 1128 229 1208 ρευσεν(
251 1128 347 1208 (qnae
369 1125 430 1191 fuit
452 1126 631 1192 Heraclidis
653 1125 745 1192 Pont.
762 1127 933 1192 sententia:
958 1127 1021 1193 Cic.
1037 1127 1175 1193 Tuscv

81 1226 125 1307 3,
147 1226 250 1309 8sq.;
274 1227 364 1310 Diog.
386 1228 443 1293 La.
467 1245 605 1309 prooem.
629 1228 649 1293 8
672 1228 768 1312 (12)).
812 1229 990 1295 Dolendum
1014 1247 1090 1295 sane
1112 1233 1173 1309 est,

78 1329 180 1411 -quod
202 1329 391 1413 compilator
412 1330 443 1394 in
467 1331 662 1411 excerpendo
685 1336 751 1395 tam
772 1343 888 1413 parcus
909 1330 980 1396 fuit.
1003 1366 1045 1378 -

181 1431 217 1514 ὁ)
247 1431 391 1514 Denique
414 1432 433 1514 ἓ
455 1430 497 1497 69
512 1451 559 1515 sq.
582 1438 648 1499 tres
679 1433 815 1499 feminae
844 1433 1034 1500 inuentrices
1066 1452 1173 1500 recen-

97 1539 217 1600 sentur.
247 1529 320 1614 ,,ἔτι
342 1531 427 1620 φασί
447 1529 486 1598 co
514 1529 619 1621 ἡρῷον
648 1534 687 1600 τό
718 1531 896 1620 ἑξάμετρον
921 1533 1095 1602 Φανοθέαν
1116 1534 1174 1623 τὴν

87 1639 233 1720 ,γυναῖκα
249 1628 397 1721 Ἰκαρίου,
421 1632 453 1702 σί
476 1635 514 1702 δὲ
531 1635 635 1721 Θέμιν
656 1634 735 1722 μίαν
756 1638 823 1703 τῶν
849 1635 1032 1703 Τιτανίδων
1058 1634 1172 1723 είνρεῖν.

95 1735 244 1823 Δίδυμος
266 1732 299 1803 δ’
324 1735 358 1803 ἐν
379 1742 426 1825 τῷ
448 1736 535 1826 Περί
563 1742 798 1828 Πυθαγορικῆς
830 1736 1033 1827 φιλοσοφίας
1058 1739 1172 1806 Θεανώ

94 1838 149 1929 τὴν
164 1844 394 1928 Κροτωνιᾶτιν
418 1837 550 1928 πρώτην
571 1846 729 1926 γυναικῶν
750 1842 974 1931 φιλοσοφῆσαι
995 1844 1053 1910 καὶ
1074 1839 1171 1932 ιτοιήΜ

95 1967 184 2027 ματα
205 1939 338 2032 γράψαι
360 1939 515 2030 ίστορεῖ.“
559 1945 647 2012 Haeo
668 1941 732 2033 εὕρ.
754 1946 816 2011 alic
839 1947 906 2012 loco
928 1966 989 2012 non
1012 1948 1169 2030 leguntur.

95 2045 141 2113 De
174 2048 311 2130 Didymo
338 2048 371 2113 in
400 2049 614 2114 testimoninm
646 2055 758 2114 uocato
788 2048 827 2115 cf.
859 2049 1069 2116 Schmidtium
1090 2047 1170 2114 Did.

95 2147 207 2216 atala
227 2151 271 2233 fr.
297 2147 381 2215 1854
401 2169 433 2232 p.
456 2151 520 2217 380
534 2168 580 2231 sq.
602 2187 645 2197 —

178 2252 227 2318 De
248 2252 351 2318 altera
373 2251 511 2334 catalogi
533 2260 634 2334 parte,
656 2271 752 2334 quam
774 2256 867 2320 modo
895 2253 1170 2336 perlustrauimus,

91 2353 235 2421 ‘iudicare
257 2373 294 2420 eo
326 2353 488 2420 difficilius
511 2360 571 2436 est,
601 2357 687 2437 quod
711 2356 854 2423 Clemens
883 2356 924 2420 ad
948 2363 1169 2437 argumentum

88 2475 142 2522 res
164 2457 260 2539 elegit
283 2457 336 2538 (cf.
359 2456 485 2522 initium
508 2458 700 2523 narrationis
722 2478 751 2540 p.
775 2458 826 2537 66,
847 2459 895 2540 4),
918 2459 964 2522 ita
987 2465 1022 2522 ut
1044 2460 1084 2523 de
1106 2458 1170 2523 ori·

86 2561 165 2643 gine
194 2578 254 2625 non
286 2560 502 2625 heurematiea
532 2562 672 2641 cogitare
700 2562 865 2644 possimus.
910 2561 1067 2637 Fontium,
1089 2579 1169 2642 quos

92 2659 160 2743 ipsa
182 2661 387 2743 consuluerit,
409 2680 466 2727 nec
490 2663 560 2728 uola
583 2681 640 2728 nec
664 2662 831 2745 uestigium
855 2664 945 2728 nobis
960 2661 1087 2743 quidem
1111 2680 1168 2743 ap-

86 2765 199 2846 paruit
207 2783 218 2853 ;v
245 2765 301 2847 qui
330 2770 477 2831 auctores
508 2765 548 2847 ξς
571 2766 699 2832 63-65
721 2773 755 2831 et
778 2766 820 2831 70
847 2765 1067 2843 narrassent,
1097 2763 1168 2829 Gle-
1246 2767 1249 2773 '

85 2884 178 2933 mens
201 2867 377 2945 adnotauit,
399 2869 456 2932 sed
472 2886 545 2931 nnm
562 2869 631 2949 ipse
646 2888 684 2934 ex
700 2887 807 2934 eorum
822 2886 901 2949 quos
917 2868 1062 2934 laudauit
1076 2866 1168 2932 libris

90 2969 243 3051 hauserit,
274 2969 449 3035 existimari
482 2971 600 3050 nequit.
645 2971 726 3036 Sunt
754 2980 861 3038 autem
891 2972 922 3035 in
953 2973 1013 3038 hac
1042 2987 1167 3052 quoque

83 3071 226 3154 catalogi
255 3078 346 3153 parta
377 3073 526 3138 nonnulla
557 3068 692 3160 εὑρετῶν
714 3076 849 3156 nomina,
879 3093 962 3155 quae
992 3074 1165 3139 secundum

88 3173 269 3240 litterarum
299 3175 414 3240 seriem
445 3184 686 3242 enumerentur:
717 3179 864 3243 nimirum
894 3176 978 3259 §50
1007 3175 1166 3254 Alcmaeo,

82 3275 171 3358 §51
204 3276 419 3360 Anaxagoras,
452 3279 471 3361 ἓ
494 3278 535 3343 63
551 3297 620 3363 sqq.
647 3281 798 3362 Antipho,
831 3280 850 3363 ξ
873 3280 914 3345 66
944 3278 1165 3361 Apollodorus.

88 3378 181 3446 Unde
203 3381 294 3462 sequi
316 3380 445 3447 uidetur
466 3383 525 3447 has
547 3383 720 3464 particulas
743 3383 972 3466 Acorpnsculc
994 3382 1165 3463 adsignan-

80 3481 148 3548 das
170 3499 254 3562 esse;
285 3482 318 3547 id
346 3484 431 3564 quod
459 3484 643 3550 etiamalio
672 3486 913 3553 ratiocinatione
934 3483 1165 3568 quodammodo

80 3584 251 3666 probatur.

174 3686 223 3751 Ex
245 3688 396 3754 Fauorini
419 3690 501 3754 enim
525 3688 663 3755 παντοδ.
687 3684 749 3755 ta.
772 3690 939 3772 Diogenes,
961 3689 1044 3754 sicut
1066 3706 1165 3770 supra

81 3790 250 3871 adnotaui,
280 3791 401 3872 eadem,
432 3810 513 3872 quae
537 3792 633 3858 (ilem.
657 3793 695 3876 ἕξ
717 3794 760 3861 50
782 3799 815 3858 et
836 3792 877 3858 51
909 3797 1029 3871 narrat,
1058 3796 1164 3855 mutu·

76 3896 160 3957 atus
182 3900 232 3958 est
261 3930 303 3940 —
334 3913 513 3978 quanquam
543 3897 678 3962 concedo
708 3896 748 3962 de
777 3895 865 3962 fonte
886 3895 1019 3961 alterius
1040 3894 1164 3959 inuenti
