2782 4642
584 376 797 443 -54..

151 562 291 611 errorem
315 545 415 611 latere
437 563 475 610 ac
495 545 632 612 fortasse
655 545 866 629 Cyrenensem
891 545 1141 628 intellegendum
1163 564 1229 612 esse

153 647 260 730 potius
282 646 605 730 Callimachum,
628 656 665 713 ut
686 665 781 730 quem
797 648 1009 730 Apollodorus
1023 649 1110 729 apud
1126 648 1229 715 Strnh.

153 751 170 816 I
192 751 223 829 2,
243 751 285 816 37
309 749 510 832 grammatici
524 750 738 832 appellatione
754 752 875 816 diserta
899 749 1147 833 perstrinxisset.
1189 750 1232 816 Et

155 872 229 920 eum
259 852 503 919 Eratosthenem
536 852 671 935 primum
710 852 926 935 philologi
961 870 1135 934 cognomen
1171 852 1232 918 sibi

155 955 371 1020 uindicauisse
404 953 575 1021 Suetonius
605 958 646 1021 de
668 974 768 1036 gram
798 957 840 1022 10
861 955 1042 1036 tradiderit,
1065 955 1171 1022 nescio
1192 974 1232 1020 uu

153 1057 310 1140 suspicari
332 1056 428 1122 liceat
449 1057 519 1123 siue
540 1058 626 1140 apud
641 1065 802 1124 auctorem
819 1057 991 1124 Clementis
1013 1058 1082 1122 siue
1097 1058 1128 1122 iu
1145 1057 1233 1122 illius

154 1158 240 1223 lente
262 1161 415 1242 scriptum
438 1160 600 1226 exstitisse
621 1159 688 1227 fere
710 1161 786 1226 hnc:
803 1154 1141 1241 ‘grammaticum
1166 1161 1233 1242 pri·

154 1280 239 1326 mum
262 1263 402 1328 audiisse
424 1271 481 1327 aut
496 1262 722 1345 Apollodorum
738 1262 915 1329 Cumanum
929 1269 987 1328 aut
1001 1261 1233 1328 Callimachum

154 1363 383 1448 cyrenensem,
414 1367 586 1432 secundum
617 1366 827 1432 recentiorum
865 1383 942 1431 uero
971 1367 1234 1446 consuetudinem

155 1465 406 1549 Praxiphanem3
437 1468 698 1551 philologum
728 1473 835 1534 autem
866 1469 1004 1548 primum
1033 1467 1233 1551 appellatum

154 1587 223 1634 esse
254 1568 499 1636 Eratosthenem
523 1562 757 1653 Cyrenensem'‚
788 1589 883 1652 quam
913 1571 1126 1636 narrationem
1150 1588 1233 1636 eom·

153 1672 273 1755 pilator
294 1672 483 1739 confuderit

244 1775 263 1857 ξ
285 1776 342 1842 67:
363 1773 403 1842 cf.
427 1775 558 1843 Preller.
582 1776 601 1841 l.
624 1777 644 1841 l.
666 1796 696 1858 p.
717 1776 876 1842 94-112.
901 1813 941 1822 -
964 1775 1012 1840 De
1034 1780 1102 1840 toto
1124 1781 1233 1865 autem

157 1877 226 1943 lnce
248 1878 281 1959 (ξ
298 1877 338 1944 66
354 1880 415 1961 sq.)
437 1878 476 1945 cf.
492 1879 657 1944 Lehrsium
680 1878 801 1945 Herod.
825 1881 949 1960 emptu
971 1879 1037 1943 tria
1059 1896 1089 1958 p.
1106 1878 1179 1944 398.
1192 1915 1234 1925 —

241 1982 277 2064 4)
300 1982 393 2066 §682
417 1985 457 2047 de
479 1983 590 2065 primis
605 1982 867 2066 legumlatoribus
882 1981 1023 2048 Graecis.
1045 1976 1234 2061 ,,Ζάλευκός

160 2107 196 2148 τε
219 2079 389 2168 ὀΛοκρδς
404 2083 540 2168 πρῶτος
557 2080 724 2173 ίσιόριμαι
740 2081 858 2170 νόμους
872 2081 1009 2163 θέσθαι,
1033 2078 1065 2148 οἳ
1081 2081 1118 2148 δὲ
1132 2080 1234 2149 Μίνω

155 2184 212 2252 τδν
236 2185 319 2263 Διὸς
341 2183 401 2252 ἐπὶ
423 2184 593 2271 Λυγκέως.
624 2176 718 2265 οὗτος
739 2186 823 2272 μετὰ
845 2184 977 2253 Δαναδν
998 2181 1122 2268 γίνεται
1148 2181 1234 2251 ἓνδε·

151 2284 236 2378 κάκῃ
266 2283 395 2355 ὀίνωθεν
417 2283 488 2355 άπδ
505 2282 627 2370 Ἰνάχου
648 2287 704 2354 καί
727 2286 898 2366 Μωυσέως
918 2287 1022 2376 γενεᾷ,
1055 2283 1099 2365 ὡς
1121 2280 1235 2372 ὀλίγον

152 2386 338 2475 δποβάνιες
360 2389 510 2476 δείξομεν
532 2393 563 2477 (Ι
585 2394 637 2474 21,
663 2393 732 2461 103.
758 2393 844 2475 106).
875 2393 1068 2479 Λυκοῦργος
1090 2388 1127 2456 δὲ
1148 2386 1232 2475 μετά

153 2492 264 2558 πολλά
278 2496 335 2580 τῆς
353 2487 448 2561 Ἰλίου
463 2490 617 2572 <ildonea
631 2491 767 2578 γεγονώς
782 2489 837 2579 ἔτη
853 2491 920 2580 πρὸ
935 2496 999 2558 τῶν
1014 2485 1232 2577 ὀλυμπιάδων

154 2591 259 2662 ἔτεσιν
281 2592 396 2663 ἑκατὸν
418 2595 618 2685 πεντίμοντα
639 2599 816 2681 νομοθετεῖ
836 2592 1123 2681 Λακεδαιμονίοις
1144 2595 1200 2678 (cf.
1218 2597 1234 2661 Ι

154 2700 205 2779 21,
230 2701 315 2783 119).
356 2695 505 2776 Σόλωνος
525 2699 587 2786 γάρ
608 2697 684 2776 ιοίς
703 2695 838 2784 χρόνους
861 2693 1103 2785 προειρήκαμεν
1125 2699 1155 2781 (Ι
1184 2699 1239 2778 14,·

154 2803 197 2868 65
219 2801 258 2867 cf.
281 2803 296 2866 1
319 2805 370 2884 21,
394 2804 480 2885 107).
503 2799 644 2883 Δράκων
665 2800 702 2868 δὲ
724 2797 742 2868 ὀ
763 2800 821 2867 καί
836 2794 933 2880 odron
955 2796 1140 2886 νομοθέτης
1154 2796 1234 2885 περὶ

154 2901 213 2969 τίν
234 2903 427 2994 τριακοστὴν
449 2902 507 2969 καί
529 2901 642 2989 ἐνάτην
664 2897 854 2990 ὀλυμπιάδα
868 2901 1005 2990 γεγονώς
1020 2897 1235 2989 είρίσκεεαι.“

154 3007 197 3072 Hi
237 3009 353 3090 aliique
389 3009 616 3091 legumlatores
647 3007 793 3089 plurimis
828 3009 906 3074 locis
938 3011 1234 3084 commemorantur,

155 3111 360 3192 copiosiorem
383 3130 490 3177 eorum
510 3113 646 3178 indicem
669 3110 838 3175 exhibete.
855 3128 885 3192 g.
901 3110 1092 3174 Theodoret.
1107 3107 1233 3188 therap.

157 3213 205 3276 IX
227 3213 342 3291 7-12,
374 3221 407 3277 et
430 3213 526 3278 Olem.
557 3215 627 3296 ipse
658 3212 869 3295 compluriens
899 3229 1007 3276 eorum
1042 3209 1234 3274 mentionem

156 3313 243 3394 feeit,
265 3316 353 3381 uelut
375 3323 431 3380 str.
454 3315 470 3379 Ι
492 3316 544 3395 26,
569 3316 639 3381 170.

241 3417 363 3482 Deinde
392 3418 527 3482 adnotat
557 3417 709 3497 Clemens,
740 3422 819 3499 quot
848 3434 948 3483 annos
976 3414 1164 3480 Antilochus
1192 3435 1234 3494 „e

153 3518 230 3597 τυδς
251 3520 388 3606 ίσνορας
403 3515 755 3607 πραγματευσάμενοςιι
778 3520 852 3586 iude
874 3538 893 3584 ε
908 3517 1111 3600 Pythagorae
1126 3520 1235 3582 aetate

157 3642 256 3708 usque
286 3625 327 3690 ad
351 3624 481 3705 Epicuri
511 3629 643 3689 mortem
675 3623 710 3702 (l.
735 3623 775 3689 16
797 3620 834 3687 δέ
855 3620 1076 3703 dittographia
1098 3618 1235 3684 delenda

154 3730 218 3811 est)
241 3727 483 3809 computauerit.
529 3723 688 3789 Antilochi
709 3743 789 3806 opus
811 3741 940 3805 prorsus
961 3722 1092 3800 interiit,
1120 3737 1235 3787 nomen

156 3830 226 3896 eius
248 3835 285 3895 ut
307 3827 451 3897 historici
466 3827 611 3893 adfertur
626 3830 713 3912 apud
730 3827 855 3909 Dionys.
870 3826 945 3892 Hal.
966 3828 1007 3891 de
1029 3843 1129 3906 comp.
1144 3820 1234 3888 uerh.

153 3932 177 3995 4
206 3951 236 4013 p.
260 3932 301 3999 66
333 3931 396 4015 (ed.
430 3928 580 3996 Schaefer
609 3932 703 4010 1808,
732 3931 820 3994 cuius
850 3926 888 3994 cl.
915 3929 1012 4011 adm).
1056 3926 1126 3992 Hoc
1155 3942 1236 3990 uero
