2782 4642
585 331 798 395 ..14-

154 518 189 563 re
219 499 467 580 demonstretur,
499 500 581 581 quod
613 501 645 564 in
675 499 769 565 Plinii
807 506 840 562 et
870 498 1042 565 Clementis
1073 499 1240 582 catalogis,

153 620 284 682 quorum
322 603 489 666 maximam
532 609 619 668 certe
660 607 782 684 partem
817 621 855 666 ex
886 601 975 666 libris
1009 601 1238 669 heurematicis

153 705 331 768 deriuatam
361 722 432 769 esse
464 703 545 769 infra
575 704 806 783 intellegemus,
842 703 1011 785 Hesiodus,
1040 704 1238 785 Herodotus

153 806 285 885 Ctesias,
308 807 498 871 Aristoteles
520 808 574 870 alii
598 809 800 872 nominantur
816 812 923 871 testes.
968 807 1003 870 In
1027 809 1237 888 excerpendis

153 927 228 973 uero
251 909 463 981 uetustiorum
486 910 677 989 scriptorum
700 909 777 974 locis
808 909 1135 991 heuremetographos
1159 929 1236 974 non-

157 1030 326 1091 numquam
351 1011 551 1091 neglegentia
573 1013 618 1075 ita
641 1011 749 1092 lapsos
763 1029 842 1090 esse,
865 1016 902 1074 ut
920 1029 970 1076 res
986 1011 1235 1089 commiscerent,

152 1113 345 1178 luculentum
377 1120 483 1177 exstat
512 1113 689 1194 exemplum
723 1115 752 1177 in
786 1112 931 1195 catalogo
953 1113 1109 1178 Pliniano.
1153 1113 1235 1179 Con-

153 1216 297 1281 tenditur
318 1216 401 1280 enim
426 1235 454 1278 n.
470 1216 501 1280 h.
523 1214 585 1280 VH
607 1217 686 1280 207:
710 1217 890 1296 „triremem
915 1215 1119 1298 Thucydides
1142 1216 1232 1280 Ami-

153 1317 263 1382 nocleu
297 1317 493 1382 Corinthium
528 1318 676 1397 (primum
710 1267 822 1381 iecisse
858 1322 933 1382 auct
934 1335 970 1382 or
1002 1317 1096 1400 est)“.
1149 1319 1233 1384 Loco

153 1431 270 1501 tamen,
303 1421 357 1501 qui
387 1418 555 1499 respicitur
577 1420 607 1500 (Ι
632 1420 696 1501 13),
719 1418 961 1500 Thucydides
952 1438 1021 1500 rpse
1043 1420 1161 1484 tradit:
1185 1415 1232 1484 in

154 1522 291 1587 Graecia
312 1523 448 1602 primum
473 1521 616 1586 Corinthi
646 1520 831 1587 aedificatas
862 1539 932 1586 esse
955 1522 1110 1602 triremes,
1143 1522 1232 1586 Ami-

155 1624 273 1688 noclem
297 1628 413 1702 autern,
438 1623 635 1688 Corinthium
658 1623 793 1701 februm,
824 1622 938 1687 Samiis
960 1629 1112 1704 quattuor
1134 1642 1233 1688 naues

156 1726 347 1792 fabricatum
389 1718 475 1791 esse'.
531 1725 681 1790 Peccauit
713 1726 812 1806 igitur
851 1726 1233 1808 heurematographns1),

155 1847 248 1908 quem
272 1828 393 1892 Plinius
415 1828 434 1892 l.
452 1829 470 1893 l.
488 1828 665 1908 exscripsit.
711 1827 812 1892 Simili
828 1835 934 1892 autern
958 1829 1057 1892 errori
1073 1827 1233 1908 heurema,

153 1931 238 2012 quod
272 1931 426 1995 Tatianus
456 1930 620 1996 Hellanico
649 1936 779 1995 auctore
811 1930 941 1993 laudato
972 1931 990 2010 ξ
1021 1931 1061 1993 17
1094 1930 1232 2010 exhibet,

154 2033 297 2098 tribuere
321 2033 410 2097 nobis
434 2033 518 2109 licet,
495 2039 623 2096 tcum
647 2032 710 2096 alio
733 2032 872 2095 eiusdem
896 2036 969 2097 auct
970 2033 1033 2096 oris
1056 2032 1232 2111 fragmento

151 2135 398 2216 perspiciamus,
427 2135 584 2215 quomodo
615 2139 717 2197 ortum
750 2135 801 2197 sit.
860 2134 944 2197 West
931 2134 1087 2198 termanni
1124 2133 1231 2198 Para·

153 2239 280 2320 dorcopr.
314 2257 344 2317 p.
374 2238 438 2301 215
469 2236 525 2317 (=
555 2236 644 2300 FHG
678 2237 745 2316 lp.
775 2236 816 2298 68
846 2235 885 2298 fr.
920 2235 1054 2318 1631),
1057 2223 1229 2316 ,Ἄτοσσα

157 2334 284 2422 Ταύτην
315 2337 414 2422 φησὶν
448 2333 529 2402 litt.
562 2333 625 2401 1·πὸ
657 2341 713 2400 noi
744 2335 872 2420 πατρὸς
898 2287 1085 2420 Apodemio
1107 2334 1152 2415 ὡς
1174 2333 1229 2425 ἅρ-

154 2464 230 2527 ρενα
252 2444 432 2527 τραφεῖσαν
455 2437 680 2520 διαδέξασθαι
701 2438 758 2526 τὴν
780 2436 957 2520 βασιλείαν.
987 2445 1168 2525 κρυβοῢσαν
1196 2439 1230 2504 δὲ

155 2543 211 2630 τὴν
226 2547 290 2609 τῶν
304 2539 441 2626 γυναίων
464 2540 614 2608 ἐπίνοιαν
636 2539 752 2625 τιάραν
774 2537 905 2627 πρώτην
928 2538 1077 2627 φορέσαι,
1100 2538 1230 2629 πρώτην

152 2738 355 2745 .·——-—-.——.

152 2878 241 2916 mann
264 2877 366 2915 omnes
388 2864 439 2914 eut
461 2862 540 2914 certe
556 2855 712 2934 plerasque
734 2856 823 2913 huius
846 2856 962 2930 generis
986 2855 1162 2931 scriptiones
1185 2876 1229 2916 re·

153 2943 283 3002 censuit:
305 2939 486 3022 Beptroepe
501 2959 561 3003 ναν
581 2937 767 3004 Geschichte
783 2939 840 3003 der
857 2940 1084 3021 Erfiudurcperc
1107 2943 1124 2999 Ι
1151 2943 1228 3000 1786

151 3050 181 3105 p.
199 3034 249 3090 58.
275 3032 344 3086 153.
369 3033 440 3085 260.
466 3030 535 3084 316.
560 3031 637 3100 535;
660 3027 711 3084 III
735 3028 816 3085 1792
840 3048 867 3102 p.
885 3033 955 3085 452.
981 3033 1057 3099 559;
1080 3028 1125 3085 IV
1150 3027 1228 3085 1799

152 3135 181 3189 p.
206 3119 277 3172 464.
321 3115 392 3188 Ipse
414 3113 531 3186 inspexi
556 3114 627 3184 eius,
652 3113 702 3191 qui
719 3112 929 3186 antesignanus
946 3114 1049 3171 horum
1067 3114 1228 3172 studiorum

153 3206 182 3256 et
204 3202 270 3257 sons
302 3199 432 3256 omnium
465 3199 526 3255 fere
557 3201 754 3256 recentiorum
784 3198 915 3256 eiusdem
946 3197 1046 3256 classis
1078 3205 1229 3257 auctorum

153 3285 286 3356 exstitit,
319 3283 514 3358 Polydori
540 3282 720 3356 Vergilii
753 3283 905 3340 Urbinatis
933 3280 986 3345 De
1012 3280 1231 3346 iuuenioribus

151 3387 259 3431 rerum
291 3367 384 3430 libros
416 3371 479 3430 tres
508 3370 564 3441 (ed.
588 3387 613 3424 a.
642 3369 751 3444 1509),
784 3370 867 3426 cuius
897 3370 994 3443 operis
1023 3368 1231 3427 Beckmannus

154 3460 192 3513 56
218 3455 363 3512 editiones
385 3455 596 3528 -enumerauit,
630 3461 660 3511 et
685 3456 725 3512 M.
753 3451 925 3514 Antonii
960 3454 1154 3512 Sabellici
1178 3451 1229 3517 De

152 3558 261 3603 rerum
283 3542 314 3601 et
334 3539 453 3601 artium
474 3536 696 3600 incentoribus
713 3557 829 3618 poema
852 3538 909 3615 (ed.
932 3559 958 3598 a.
984 3540 1087 3613 1509).
1155 3584 1156 3587 .

239 3627 269 3701 1)
291 3626 412 3684 Rectius
443 3624 623 3700 Thucydidis
651 3625 849 3683 narrationem
881 3625 1028 3700 expressit
1049 3625 1230 3684 Themistius

155 3733 196 3771 or.
220 3711 328 3769 XXVI
350 3732 379 3786 p.
403 3715 508 3779 som
531 3709 630 3781 Dino,
654 3731 712 3788 quo
735 3710 799 3769 loeo
823 3716 853 3768 et
874 3711 922 3769 hic
949 3710 1092 3768 nonnulla
1115 3712 1229 3771 alibro

155 3797 254 3857 nescio
278 3816 337 3876 quo
360 3794 558 3854 henrematieo
582 3795 758 3855 delibanisse
780 3797 852 3853 mihi
876 3796 1000 3856 uidetur.
