2782 4642
493 347 704 416 ..21-

61 520 351 588 heurematicorum
374 521 464 587 libris
494 525 644 603 excerpta
678 528 711 586 et
733 523 873 589 conlecta
896 522 1139 601 continerentur,

62 634 239 690 ceterorum
269 632 375 688 autem
399 629 552 705 quattuor
574 625 810 707 scriptorum1)
834 625 1023 690 nomina-
1059 643 1139 705 quac

63 728 169 792 medio
191 729 222 791 in
246 727 349 792 indice
371 729 476 808 posita
505 735 579 793 sunt
608 763 649 773 -
682 729 712 792 in
745 728 1028 799 heurematicorum
1051 725 1140 790 libris

61 831 196 895 laudata
217 828 330 910 fuisse3
363 849 434 894 eum
464 831 577 913 igitur,
609 831 663 913 qui
692 831 863 912 epitomem
894 830 982 896 illam
1014 847 1138 895 consar-

61 932 193 1013 cinauit,
215 941 361 998 auctores
383 950 453 998 cum
485 951 548 1014 eos,
578 952 616 998 ex
645 932 759 1016 quibus
790 935 858 1015 ipse
879 933 1048 1010 hausisset,
1072 939 1138 995 tum

60 1053 142 1115 quos
166 1037 196 1099 in
214 1033 355 1102 fontibus
371 1043 470 1101 testes
485 1036 627 1118 prolatos
641 1036 844 1118 repperisset,
868 1037 902 1100 in¹
920 1034 982 1101 fine
997 1033 1140 1117 opusculi

60 1137 258 1219 apposuisse.
303 1137 371 1202 Hoc
403 1145 510 1204 autem
540 1138 747 1205 enchiridium
771 1157 860 1204 nemo
883 1137 1042 1204 dubitabit
1064 1136 1139 1216 quin

60 1241 148 1305 idem
170 1238 266 1305 fuerit
288 1247 384 1322 atque
407 1240 495 1321 illud,
517 1262 555 1306 ex
577 1260 638 1323 quo
654 1241 798 1307 Clemens
820 1243 1000 1306 inuentores
1022 1241 1063 1304 ad
1087 1237 1138 1302 lit·
1221 1283 1223 1287 -

61 1352 204 1407 terarum
233 1345 375 1410 ordinem
398 1344 568 1426 dispositos
600 1344 770 1423 delibauit3
803 1344 836 1408 id
868 1345 950 1426 quod
982 1340 1138 1408 indoleA

63 1446 240 1527 corpusculi
273 1447 324 1511 uel
356 1445 552 1530 probabilius
582 1445 628 1511 fit.
683 1446 765 1511 Nam
804 1465 874 1511 cum
907 1445 970 1511 illis
1000 1443 1139 1526 catalogi

59 1549 239 1630 particulis,
262 1568 343 1630 quae
366 1549 480 1614 seriem
503 1550 682 1615 litterarum
705 1550 846 1629 turbant,
877 1556 943 1614 tres
965 1548 1138 1613 laudentur

61 1650 206 1716 historici
229 1651 385 1733 Ephorus,
409 1653 590 1718 Herodotus
614 1653 646 1736 (ξ
670 1653 734 1734 13),
757 1651 941 1717 Hellanicus
963 1649 996 1734 (ξ
1017 1649 1084 1729 49),
1106 1648 1137 1711 in

60 1753 265 1835 alphabetico
287 1755 432 1838 catalogo
454 1764 583 1838 praeter
597 1754 771 1820 Hesiodum
794 1760 921 1837 poetam
943 1754 977 1836 (ξ
998 1753 1053 1835 17)
1068 1750 1137 1815 nul-

60 1857 129 1921 lum
151 1855 315 1938 scriptoris
337 1876 447 1924 nomen
470 1859 635 1924 excitatur.

149 1957 368 2026 Coniecturam
406 1967 513 2027 autem
551 1967 691 2026 nostram
725 1960 878 2040 reliquiae
907 1965 979 2025 octo
1011 1956 1136 2021 illorum

60 2062 252 2143 scriptorum
269 2063 346 2127 satis
362 2061 557 2128 confirmant.
588 2063 730 2128 Primum
746 2063 828 2128 enim
844 2080 946 2143 pauca
961 2059 1137 2142 deprehen-

64 2165 185 2230 duntur
208 2166 290 2230 inter
312 2164 490 2247 fragmenta
507 2166 669 2233 Scamonis
684 2167 787 2248 primo
802 2164 934 2231 indiculi
948 2164 1017 2229 loco
1031 2161 1137 2243 positi,

61 2285 145 2350 quae
167 2269 428 2334 abhorreant
450 2269 489 2333 ab
513 2271 558 2335 eis
580 2270 790 2347 heurematis,
813 2269 948 2350 quaein
971 2269 1000 2331 A
1024 2283 1137 2346 corpu-

60 2369 184 2436 sculum
206 2370 364 2437 inculcata
386 2380 468 2436 sunt.
503 2371 580 2438 Cum
604 2371 750 2437 Clemens
771 2372 847 2452 §13
870 2369 1032 2434 Herodoto
1055 2375 1137 2432 teste

59 2474 216 2553 producto
230 2474 356 2538 litteras
374 2475 414 2540 de
430 2474 549 2540 Cadmo
562 2473 717 2541 Phoenice
732 2491 843 2538 nomen
859 2473 995 2537 traxisse
1010 2469 1137 2549 referat,

60 2573 175 2641 Scamo
198 2575 266 2657 ipse
287 2575 337 2653 (fr.
359 2577 380 2641 2
403 2576 508 2642 Muell.
529 2574 604 2641 fr.4
627 2574 751 2659 Eichb.)
775 2593 885 2640 nomen
909 2576 948 2639 de
970 2573 1136 2651 Phoenice,

62 2678 231 2744 Actaeonis
260 2677 342 2760 filia,
374 2679 540 2744 deriuauit.
586 2682 629 2742 At
651 2687 789 2760 opponat
811 2679 968 2760 quispiam
993 2675 1135 2742 Clemen-

60 2787 125 2846 tem
156 2781 238 2846 hanc
260 2782 511 2863 explicationem,
542 2782 690 2864 quoniam
721 2780 877 2847 Phoenice
900 2780 1040 2855 Graeca,
1074 2796 1134 2840 non

64 2883 201 2963 barbara
222 2882 330 2965 luerit,
352 2886 539 2967 prudentem
556 2885 776 2966 praeteriisse;
791 2902 861 2948 eum
878 2881 989 2962 ablego
1004 2881 1046 2946 ad
1062 2879 1135 2946 Sca·

63 2986 164 3051 monis
184 2984 223 3051 ir.
239 2988 260 3051 4
275 2987 383 3054 Muell.
399 2986 475 3053 Μ
498 2988 625 3054 Eichh.:
649 2987 761 3052 Seamo
783 2985 964 3051 sambucam
987 2982 1135 3064 Sambyci

63 3089 197 3170 cuidam,
220 3091 274 3172 qui
296 3090 406 3172 procul
428 3090 524 3156 dubio
540 3091 694 3156 barbarus
710 3089 938 3155 existimandus
959 3093 1018 3164 est,
1041 3085 1134 3151 attri-

63 3191 141 3269 buit,
164 3199 275 3257 contra
298 3192 441 3258 Clemens
463 3193 538 3274 §33
554 3195 642 3258 —in
664 3192 797 3259 embolio
820 3193 904 3273 quod
924 3192 966 3255 ad
982 3190 1134 3255 musicam

63 3302 242 3375 spectat-
264 3295 475 3378 Troglodytis.
500 3296 561 3362 Sed
585 3296 661 3362 haec
683 3295 812 3361 leuioris
834 3301 909 3359 sunt
931 3291 1091 3358 momenti.

151 3487 180 3565 l)
204 3487 362 3546 Clementis
384 3489 484 3546 uerbis
505 3485 556 3561 ,ἐν
577 3491 639 3555 τοῖς
660 3483 727 3558 περὶ
749 3477 922 3563 εὑρημάτων
944 3485 1036 3541 ταῦτα
1059 3476 1134 3540 ἱστό-

63 3577 175 3648 ρησαν“
197 3573 357 3648 significari
379 3574 498 3632 uidetur
518 3592 758 3651 unumquemque
774 3592 813 3630 ex
827 3577 893 3631 octo
908 3571 969 3629 illis
984 3569 1134 3644 scriptori-

64 3660 117 3718 bus
139 3660 231 3718 libros
253 3680 284 3718 π.
301 3650 363 3736 εὕρ.
386 3660 521 3731 edidisse,
545 3667 652 3730 tamen,
676 3679 742 3717 cum
763 3658 822 3716 alia
836 3656 1006 3716 testimonia
1028 3655 1134 3725 desint,

64 3744 109 3803 his
133 3745 332 3819 compilatoris
356 3745 455 3804 uerbis
485 3745 560 3803 nihil
582 3745 770 3804 tribuendum
794 3750 845 3803 est.
889 3743 997 3820 Itaque
1020 3741 1134 3799 Aristo·

63 3831 160 3905 talem,
183 3833 393 3905 antiphanem,
416 3831 590 3908 Cydippum
615 3829 831 3888 Aristodemum
854 3849 870 3885 e
892 3848 1016 3886 recensu
1030 3829 1134 3884 heure-

66 3918 322 3995 matographorum
343 3918 489 3993 relegatos
511 3918 609 3990 uelim,
634 3936 721 3996 quem
735 3915 949 3975 Brusslxernius
972 3911 1134 3973 constituit.
