2782 4642
657 387 868 456 ..qq-

226 548 381 638 eipe'ocog
408 556 544 637 exhibet,
573 558 658 624 unde
686 568 843 641 appareat
871 561 933 624 iem
962 564 1039 624 anto
1068 558 1152 626 hunc
1183 579 1301 625 annum

228 671 334 741 caput,
366 679 428 742 quo
462 661 501 722 de
534 660 627 725 rebus
659 660 797 728 inuentis
828 670 989 743 ageretur,
1018 680 1090 728 cum
1120 662 1302 729 fabularum

226 763 317 841 libro,
339 781 431 842 quem
455 770 600 828 tenemus
622 764 822 830 coniunctum
844 763 949 830 fuisse.

311 864 454 948 Denique
476 882 603 931 curnam
618 859 806 951 εὑρημάτων
820 867 984 948 catalogus
1005 867 1037 931 in
1052 866 1303 950 mythologicnm

226 967 433 1033 enchiridium
457 973 603 1047 receptus
625 969 679 1047 sit,
702 968 746 1032 eis
769 970 983 1050 quaerendum
1006 969 1077 1047 erit,
1099 968 1153 1050 qui
1175 970 1216 1034 de
1232 975 1303 1034 tota

228 1071 324 1135 tertia
344 1069 511 1136 enchiridii
534 1076 626 1150 parte
649 1069 865 1150 disputabunt.
900 1071 988 1135 luter
1004 1071 1085 1136 alias
1106 1072 1217 1152 utique
1232 1073 1303 1136 eius

229 1173 272 1238 rei
290 1190 403 1238 causas
425 1172 522 1236 etiam
546 1171 603 1236 hoe
626 1173 814 1236 monendum
838 1173 908 1254 erit,
930 1173 1067 1254 plurima
1089 1167 1226 1259 sepnor
1248 1192 1302 1238 no·

229 1274 316 1339 mina
337 1281 369 1338 ct
383 1279 570 1353 argumenta
584 1292 708 1357 quoque
722 1275 1030 1341 narratiuncularum
1046 1280 1116 1342 arte
1130 1275 1303 1342 cohaerere

227 1393 296 1440 cum
321 1376 456 1442 historia
478 1375 625 1443 fabulari.

311 1596 354 1662 At
376 1597 500 1678 longius
515 1600 576 1664 iam
594 1602 764 1681 procedere
785 1600 875 1664 nobis
891 1599 974 1664 licet.
1008 1599 1303 1668 Animaduertimus

225 1701 308 1765 enim
331 1701 502 1783 Hygioiani
533 1703 670 1784 catalogi
701 1701 952 1767 narratiunculas
982 1702 1160 1784 complures
1182 1724 1201 1768 a
1223 1703 1303 1770 Cas·

223 1804 361 1870 siodorio
375 1805 404 1886 ¹)
434 1804 466 1867 in
495 1804 605 1870 Variis
625 1802 753 1880 adferri,
784 1820 846 1885 quo
869 1823 887 1868 e
909 1823 1039 1869 numero
1061 1804 1228 1870 nonnullae
1252 1804 1301 1870 uel

227 1925 289 1971 uno
319 1906 511 1973 cassiodorii
542 1907 723 1972 testimonio
752 1906 996 1986 comprobentur
1029 1908 1081 1989 (ἓξ
1104 1909 1150 1974 9·.
1177 1911 1223 1973 11.
1249 1909 1301 1973 30.

223 2010 262 2074 31
275 2007 295 2073 l.
320 2010 384 2085 37).
430 2008 465 2071 ln
489 2010 641 2088 eodem2)
670 2016 779 2074 autem
803 2009 993 2074 cassiodorii
1025 2027 1120 2091 opere
1142 2009 1239 2074 etiam
1264 2028 1304 2074 ea

224 2112 353 2176 inuenta
385 2113 600 2192 reperiuntur,
636 2131 718 2194 quae
752 2113 837 2192 apud
878 2112 1037 2193 Hyginum
1070 2111 1302 2179 desiderentur.

224 2212 358 2278 Exsistit
379 2213 478 2292 igitur
499 2215 651 2293 quaestio,
673 2215 756 2279 uode
778 2213 832 2278 ille
854 2234 891 2279 ea
914 2214 1071 2281 didicerit.

303 2305 710 2382 'Cassiodoriuseoim
727 2316 908 2382 Senator
924 2320 959 2381 ut
973 2316 1180 2398 epistolarum
1196 2315 1302 2397 publi-

224 2437 341 2495 carum,
380 2435 458 2500 quas
489 2418 648 2484 contectas
678 2418 773 2483 titulo
802 2418 976 2483 Vorioram
1005 2420 1157 2500 inscripto
1190 2419 1301 2499 edidit,

224 2519 345 2584 aridam
362 2519 589 2602 molestamque
604 2521 765 2586 materiem
783 2521 993 2603 distingueret
1014 2530 1110 2601 atque
1125 2526 1301 2602 exornaret,

224 2621 276 2686 hic
298 2620 363 2686 illio
385 2623 596 2705 digressiones
610 2625 641 2706 ³)
671 2624 781 2689 doctas
810 2624 954 2703 intexuit,
987 2623 1102 2705 quibus
1123 2623 1301 2704 exquisitae

228 2761 428 2771 *-

312 2846 342 2922 l)
375 2848 491 2906 Primus
521 2850 668 2908 Muncker
698 2848 875 2908 cassiodorii
909 2849 990 2907 locos
1020 2848 1051 2905 in
1094 2847 1297 2906 testimonium

226 2932 354 3004 uocauit,
377 2935 414 2991 cf.
435 2933 590 2992 Stauereni
612 2942 765 2993 comment.

312 3018 343 3094 2)
367 3020 402 3076 Iu
425 3018 531 3078 ceteris
553 3027 651 3078 tamen
674 3018 847 3078 Cassiodorii
879 3019 1019 3094 operibus
1049 3037 1168 3095 perraro
1192 3019 1300 3077 heure·

152 3110 154 3113 '
225 3107 303 3161 mata
325 3113 598 3178 commemorantur,
628 3123 653 3167 e.
676 3126 703 3179 g.
726 3105 762 3163 de
784 3113 838 3165 art.
860 3123 894 3164 ao
917 3106 987 3164 diso.
1011 3109 1029 3163 3
1053 3125 1082 3181 p.
1106 3101 1237 3162 553le
1263 3105 1299 3163 de

224 3188 410 3248 arithmetica
437 3199 468 3248 et
497 3191 692 3260 astronomia,
722 3191 740 3248 l.
766 3189 784 3248 l.
810 3196 825 3248 5
849 3210 879 3266 p.
904 3196 984 3249 556²
1006 3192 1042 3248 de
1073 3190 1192 3260 musica,
1225 3191 1299 3248 haec

224 3281 322 3331 autem
345 3294 405 3332 non
428 3294 444 3332 e
469 3276 551 3335 tonte
573 3276 773 3335 heurematico
802 3277 965 3334 manauieee
997 3275 1114 3353 appicta
1144 3282 1297 3334 auctorum

223 3358 344 3417 nomina
364 3360 504 3420 indicant.

309 3446 340 3518 3)
364 3445 409 3503 De
430 3447 477 3504 his
499 3446 662 3506 accuratius
684 3465 826 3525 quaerero
848 3465 954 3522 operae
976 3446 1104 3522 pretium
1126 3445 1200 3503 mihi
1215 3444 1299 3504 uide·

224 3537 272 3588 tur
294 3530 365 3588 fore.
410 3532 495 3599 Nam,
517 3540 551 3590 ut
572 3552 661 3589 unum
685 3551 829 3607 moneam,
859 3533 968 3590 maiore
990 3551 1055 3590 cnm
1079 3529 1298 3607 probabilitate,

223 3634 309 3694 quam
326 3617 421 3674 adhuc
437 3619 545 3675 factum
562 3626 615 3689 eet,
630 3616 783 3675 diiudicari
802 3637 888 3693 posse
905 3616 1052 3688 existimo,
1067 3623 1165 3675 utrum
1182 3616 1295 3690 digres-

223 3700 321 3759 siones
342 3701 373 3757 in
397 3702 616 3760 conscribendis
637 3703 693 3759 iam
725 3702 849 3778 singulis
871 3702 1005 3778 epistolis
1035 3722 1072 3759 au
1106 3703 1137 3758 in
1167 3701 1299 3776 paranda

224 3787 337 3843 demum
366 3787 555 3862 epistolarum
587 3788 716 3846 editione
752 3789 882 3847 adiectae
912 3788 980 3846 sint.
1032 3787 1233 3856 Nouissimas,
1265 3787 1296 3843 ni

223 3871 317 3943 fallor,
341 3874 377 3930 de
400 3870 508 3935 Variis
529 3873 693 3948 disputauit
714 3873 902 3931 Sohaedeliua
924 3869 1011 3935 Plio.
1034 3871 1064 3936 d.
1079 3868 1242 3952 Jucnpcre
1262 3890 1295 3934 a.

228 3952 317 4020 Casa.
339 3955 413 4023 Sea.
442 3959 530 4022 reat.
573 3962 653 4020 Ante
675 3958 774 4018 omnia
796 3968 893 4020 autern
917 3960 1114 4018 desideramus
1136 3957 1295 4018 editionem
