2782 4642
539 349 753 414 „43-

104 519 243 584 Graecos
258 519 467 598 Romanosue‚
490 537 624 601 quorum
646 518 720 585 libri
735 523 875 585 aetatem
892 518 1042 597 tulerunt,
1064 518 1182 584 mentio

102 619 170 701 fiat,
192 640 296 705 neque
317 620 383 687 ullu
405 621 480 687 data
504 628 553 688 est
575 639 653 687 ansa
668 622 794 686 nomina
809 622 982 704 indagandi
1005 625 1179 703 auctorum,

104 742 181 806 quos
197 723 342 790 Clemens
365 724 433 806 ipse
455 724 658 791 consuluerit.
703 724 783 788 Tota
803 743 880 790 uero
902 725 1038 806 catalogi
1061 722 1182 788 indoles

103 826 171 893 sine
193 826 289 892 dubio
312 827 444 908 perinde
466 845 503 893 ao
524 826 670 893 Tatianei
692 827 831 908 catalogi
859 828 968 892 studia
990 824 1182 892 heuremati·

106 946 211 994 corum
234 929 328 1012 sapit.
373 929 434 995 Sed
456 930 642 1010 pergamusl

481 1461 604 1555 Gaput
636 1463 805 1535 tertium.

191 1639 327 1711 Tatiano
365 1646 449 1711 enim
483 1652 514 1712 et
547 1645 702 1712 Clementi
734 1647 849 1712 tertius
878 1645 1098 1728 adiungendus
1134 1650 1184 1710 est

108 1749 340 1830 Gregorius
361 1747 673 1826 Nazianzenus,
705 1749 759 1829 qui
789 1748 933 1813 oratione
964 1747 996 1811 in
1025 1748 1183 1813 Iulianum

103 1851 266 1917 inuectiua
287 1852 391 1932 priore
407 1849 606 1931 apostatam,
628 1852 711 1933 quod
728 1850 924 1916 Christianos
945 1850 1185 1916 humanioribus

106 1953 222 2019 litteris
252 1953 382 2018 studere
410 1953 574 2032 uetuisset,
603 1952 791 2033 grauissime
819 1952 985 2035 inorepans
1016 1971 1086 2020 curn
1119 1951 1184 2017 alia

104 2062 173 2122 tum
197 2056 277 2121 haec
298 2053 365 2120 iere
387 2054 561 2136 eloquitur:
590 2047 715 2120 ‘omnes
738 2073 789 2120 res
811 2073 871 2119 non
894 2055 1020 2120 illorum
1042 2060 1184 2120 tantum·

108 2159 200 2225 modo
222 2161 306 2236 sunt,
336 2157 390 2249 qui
420 2175 474 2222 eas
504 2158 702 2236 inuenerunt,
738 2159 794 2223 sed
818 2158 966 2239 omnium,
996 2158 1185 2240 quicumque

105 2280 215 2328 earum
238 2265 313 2325 sunt
328 2260 520 2342 partioipes3
542 2266 640 2341 atque
662 2259 797 2325 aliorum
820 2261 949 2325 inuenta
972 2261 1003 2325 in
1019 2260 1184 2344 proprium

107 2382 198 2430 usum
222 2368 406 2428 conuertere
429 2362 596 2444 unicnique
618 2353 710 2427 linet?
756 2362 878 2426 Deinde
908 2380 969 2427 non
992 2382 1111 2443 paneas
1134 2380 1185 2429 res

107 2470 244 2545 enarrat,
268 2463 382 2548 quibus
397 2464 539 2529 Iulianus
562 2468 596 2528 et
610 2464 752 2542 Romani,
776 2465 922 2543 quamuis
937 2482 992 2528 eas
1008 2465 1194 2546 peregrinis.

105 2570 158 2635 uel
180 2567 307 2650 populis
329 2567 380 2632 uel
402 2566 582 2632 hominihus
605 2566 768 2648 deberent,
790 2566 908 2632 cotidie
930 2567 978 2630 uti
1000 2567 1185 2632 consueuis·

107 2676 185 2740 sent.
233 2673 381 2753 Apparet
401 2669 500 2750 igitur
523 2668 669 2750 Gregorii
699 2667 862 2733 consilium
884 2668 1047 2750 paululum
1070 2668 1185 2733 abhor-

108 2796 175 2843 rere
205 2795 225 2841 a
254 2781 430 2840 ceterorum
462 2771 714 2837 Christianorum
747 2771 864 2852 studio,
892 2776 989 2854 atque
1022 2771 1185 2850 Gregorio,

106 2881 225 2964 quippe
239 2876 294 2957 qni
316 2876 522 2940 Romanos
545 2875 757 2954 impugnaret,
780 2872 918 2938 Graecos
933 2891 1057 2955 quoque
1074 2873 1185 2937 inuen-

108 2987 192 3047 tores
214 2979 376 3045 nominare
398 2976 537 3056 licuisse,
559 2993 630 3040 oum
652 2975 806 3040 Tatianus
836 2981 868 3040 et
890 2974 1036 3040 Clemens
1058 2974 1186 3040 Grae-

105 3101 244 3151 ·torum
268 3078 457 3163 sapientiam
479 3077 649 3144 irridentes
670 3078 800 3143 inuenta
828 3095 888 3141 non
911 3077 1103 3158 protulerint
1125 3076 1187 3141 nisi

108 3185 322 3253 barbarorum.

191 3287 417 3353 Narrationem
448 3291 555 3350 autem
582 3283 744 3366 Gregorii,
766 3299 829 3365 quo
859 3280 984 3347 iaoilius
1013 3283 1186 3364 perspicia-

107 3409 187 3471 mus,
209 3387 404 3454 ornamentis
428 3385 593 3452 rhetoriois
615 3385 754 3450 detersis
768 3385 799 3448 in
822 3383 956 3449 formam
976 3384 1114 3464 catalogi
1136 3403 1186 3449 re·

107 3496 236 3562 ductam
259 3488 422 3555 exhibebo.

193 3593 325 3675 Gregor.
356 3592 434 3658 Nan.
465 3609 511 3656 or.
541 3590 587 3656 IV
618 3589 796 3671 107-109,
826 3590 875 3655 ed.
908 3588 1005 3670 Migo.
1028 3588 1090 3654 uol.
1118 3589 1187 3670 Ip.

107 3699 169 3764 641
187 3714 255 3778 sqq.

196 3803 212 3866 l
237 3797 278 3864 rol
299 3794 477 3885 γράμματα
499 3798 690 3863 inuenerunt
704 3795 877 3862 Phoenices
893 3800 950 3860 aut
965 3792 1115 3875 Aegyptii
1131 3798 1188 3856 aut

111 3902 260 3970 Hebraei.
297 3899 378 3967 ned
401 3895 577 3980 πεττεύειν,
600 3901 620 3965 3
642 3897 681 3964 τὸ
704 3891 870 3981 ἀριθμεῖν,
893 3899 915 3963 4
937 3894 975 3961 τὸ
991 3890 1187 3979 λογίζεσθαι
