2782 4642
577 379 810 447 -101-

152 556 239 620 tores
260 552 394 619 alterius
417 550 536 633 classis,
558 551 629 618 dico
652 557 727 617 aute
748 550 943 630 Hesiodum;
967 551 1236 616 Democritus

152 656 293 739 pertinet
315 656 358 721 ad
379 655 442 720 VH
466 656 546 736 189;
569 656 626 720 sed
648 654 821 736 Diyllus
843 653 1080 719 historicus
1109 671 1171 734 quo
1193 652 1237 717 sit

153 756 347 836 referendus,
369 775 498 839 prorsus
519 758 711 839 ignoramus,
740 774 842 839 neque
871 756 948 840 quid
977 755 1007 821 ei
1029 754 1151 821 Plinius
1178 755 1234 820 de·
1350 788 1353 794 ·

153 860 270 940 buerit,
292 879 310 925 e
332 859 474 941 reliquiis
496 861 564 926 eius
586 859 786 942 paucissimis
808 858 880 926 elici
902 865 1018 940 potest.

241 962 387 1029 lamuero
399 964 440 1028 ad
451 961 554 1029 fontes
566 963 634 1028 eius
646 962 770 1044 capitis,
785 980 846 1044 quo
858 961 1045 1028 henremata
1056 965 1236 1026 tractantur

155 1066 234 1149 (VII
256 1066 308 1146 bl,
332 1065 526 1149 191-209),
548 1066 730 1147 peruenisse
754 1065 909 1143 uidemur,
931 1071 1081 1130 secuntur
1104 1061 1235 1128 enimin

153 1169 257 1235 indice
287 1168 366 1234 baec
392 1169 507 1235 uerba:
537 1167 674 1248 „Strato
705 1169 759 1252 qui
785 1173 896 1234 contra
922 1167 1041 1250 Ephori
1073 1161 1235 1254 εὑρήματα

155 1270 313 1354 scripsit‘.
337 1272 406 1351 Quo
421 1272 639 1338 additamento
655 1272 729 1354 quin
746 1270 868 1337 Plinius
883 1270 1066 1336 adhibuisse
1088 1268 1234 1335 selibras

156 1397 195 1438 π.
210 1368 274 1458 obp.
290 1375 425 1455 scriptos
440 1373 600 1440 Stratonis
615 1373 755 1441 indicare
769 1374 917 1455 uoluerit,
940 1373 1150 1439 dubitandum
1172 1389 1234 1438 non

154 1481 213 1541 est.
236 1475 380 1557 Namque
395 1477 421 1541 si
438 1476 515 1541 nihil
530 1478 657 1556 egisset,
673 1477 732 1541 nisi
748 1482 785 1542 ut
796 1476 977 1542 Stratonem
990 1496 1010 1540 a
1024 1475 1139 1542 ceteris
1150 1475 1234 1540 eius·

156 1579 228 1644 dem
245 1578 378 1644 nominis
400 1578 606 1661 scriptoribus
620 1577 673 1660 (cf.
689 1580 795 1644 baert.
812 1579 901 1663 Diog.
918 1579 946 1644 V
961 1578 1017 1663 61)
1032 1573 1237 1659 discerneret,

156 1701 225 1747 eum
255 1680 369 1747 melius
399 1681 627 1764 appellauisset
657 1682 707 1746 nel
730 1682 942 1764 Theophrasti
973 1680 1161 1763 discipulum
1184 1680 1235 1746 uel

155 1782 212 1850 τὸν
233 1778 388 1870 mutarim
412 1785 445 1849 id
467 1785 553 1866 quod
575 1785 749 1851 rectissime
774 1786 1005 1851 animaduertit
1019 1783 1237 1850 Eicbholtzius

155 1905 185 1968 p.
208 1887 260 1954 20.
305 1885 472 1954 Mittamus
494 1893 599 1952 numm
630 1887 793 1969 paulisper
814 1888 995 1955 Stratonem
1026 1905 1151 1970 eosque,
1181 1888 1236 1968 qui

156 1988 239 2056 hunc
261 1989 433 2071 excipiunt,
454 1995 599 2057 auctores
621 1997 653 2056 et
676 1992 811 2071 primum
827 1992 867 2056 de
889 1991 935 2056 eis
950 1989 1160 2071 disputemus,
1181 1990 1235 2072 qui

156 2109 270 2174 agmen
294 2091 456 2158 claudunt.

241 2196 350 2279 Atque
372 2197 411 2261 de
434 2195 537 2262 tribus
565 2196 758 2278 auctoribus,
787 2215 921 2280 quorum
950 2196 1077 2262 uomina
1109 2197 1141 2262 iu
1173 2196 1235 2263 fine

158 2297 272 2364 indicis
294 2299 456 2365 conlocata
478 2304 561 2379 sunt,
584 2299 735 2364 iudicium
751 2300 884 2366 Brunnii
900 2306 1044 2381 repetere
1058 2299 1136 2366 mihi
1152 2300 1234 2368 licet

138 2401 294 2467 -Nominu
316 2402 400 2466 enim
422 2401 714 2467 Anticlidiset
736 2401 989 2482 Critodemi,
1013 2404 1121 2484 quiin
1144 2410 1235 2469 textu

158 2504 303 2571 V11193
332 2504 512 2584 laudantur,
542 2507 614 2587 ipsa
636 2506 720 2586 sede,
749 2524 845 2587 quam
875 2506 907 2570 in
937 2505 1041 2572 indice
1070 2517 1236 2589 occupant,

157 2606 333 2674 luculenter
354 2610 525 2675 ostendunt
547 2617 620 2690 post
635 2608 750 2673 librum
768 2608 943 2675 coniectum
967 2609 1091 2676 demum
1108 2608 1233 2677 adiecta

159 2727 229 2776 essa
250 2728 332 2791 quae
354 2711 415 2775 llll
440 2711 501 2778 193
523 2708 712 2777 referuntur.
757 2711 823 2778 Nec
852 2711 955 2776 solum
986 2731 1004 2777 e
1032 2712 1103 2795 lege
1133 2713 1235 2777 Brun·

156 2811 250 2878 niano
272 2814 331 2878 hoc
353 2813 507 2896 sequitur,
529 2814 585 2878 sed
607 2813 701 2880 etiam
724 2814 852 2896 reipsa
875 2815 1121 2881 demonstratur.
1153 2816 1233 2882 Nam

157 2932 238 2996 quae
260 2914 321 2980 VII
351 2915 413 2980 193
446 2916 638 2982 testimoniis
670 2918 850 2997 Anticlidis,
880 2917 1040 3001 Epigonis,
1069 2920 1234 3006 Berosi1),

158 3017 330 3084 Critodemi
352 3018 521 3100 exscriptis
543 3020 583 3084 de
604 3026 768 3086 uetustate
790 3021 968 3087 litterarum
998 3023 1085 3104 apud
1108 3027 1235 3108 Aegyp·

157 3121 218 3186 tios
240 3126 272 3187 et
294 3121 486 3205 Babylonios
514 3129 694 3203 narrantur,
727 3141 797 3189 cum
828 3143 848 3190 a
875 3132 991 3190 natura
1018 3125 1235 3210 catalogorum

158 3223 441 3291 beurematicnrum
464 3225 645 3305 abhorrent,
669 3234 736 3291 tum
758 3228 867 3309 inepto
881 3228 948 3294 loco
964 3227 1122 3296 inculcata
1143 3239 1234 3298 sunt:

157 3329 304 3409 ponenda
335 3334 428 3394 erant
458 3329 566 3411 potius
597 3329 688 3394 initio
717 3330 779 3396 Vll
815 3330 891 3412 192,
923 3331 978 3403 ubi
1009 3332 1050 3397 de
1082 3334 1233 3416 Assyriis,

157 3432 335 3514 Aegyptiis,
365 3431 453 3514 Syris
481 3450 584 3497 sermo
616 3439 673 3498 est.
726 3432 896 3500 Praeterea
924 3434 1144 3516 supplemento
1172 3434 1234 3501 isto

160 3606 363 3613 *-

248 3708 276 3786 l)
299 3709 448 3786 Epigenes
478 3715 508 3768 et
539 3711 663 3768 Berosus
693 3729 754 3768 una
781 3730 847 3769 cum
869 3709 997 3770 Petosiri
1027 3717 1057 3771 et
1078 3713 1233 3788 Nechepeo

157 3795 309 3871 superiore
344 3795 403 3853 iam
435 3795 542 3854 indicis
575 3795 639 3855 loco
681 3795 823 3855 nominati
856 3802 942 3869 suut,
982 3797 1121 3856 nimirum
1155 3798 1234 3858 inter

158 3882 308 3956 Ephorum
325 3890 355 3940 at
369 3881 573 3940 Alexandrum
590 3882 664 3955 Pol,
688 3901 776 3962 quem
791 3881 909 3962 quidem
925 3881 1021 3942 locum
1037 3884 1108 3942 item
1122 3882 1234 3946 iniuria

157 3973 269 4041 tenent,
293 3987 358 4026 cum
381 3966 412 4025 in
434 3973 521 4028 textu
544 3967 604 4028 VII
630 3971 688 4027 160
712 3968 827 4028 demum
850 3967 1015 4030 laudentur.
