2782 4642
586 333 798 399 ..41-

152 508 287 570 mentem
311 507 344 569 et
366 506 563 586 Anonymum
586 522 625 568 ex
647 503 783 569 diuersis
804 502 946 569 fontibus
961 503 1122 570 hausissse
1143 503 1232 569 arbi.-

153 612 282 686 tremur‚
305 607 450 688 quamuis
472 606 590 671 similes
606 607 669 671 sint
685 624 791 671 eorum
807 607 1015 672 narrationes.
1059 607 1108 742 De
1112 587 1237 735 patria

153 709 281 793 Olympi
303 707 342 774 cf.
366 726 518 791 suprap.
542 709 593 774 12.
616 745 657 755 -

237 812 276 894 ἓξ
298 812 426 878 38-40
462 809 638 898 „occiduae
679 806 818 895 Φρύγιον
855 783 1016 899 ἁρμονίαν
1048 804 1105 876 καί
1134 813 1229 896 μιξο-

154 909 287 1001 φρίγιον
318 911 375 978 καί
404 909 596 998 μιξολίδιον
626 910 807 1000 Μαρσύαν,
837 938 896 991 τις
926 906 1023 1002 αὐτῆς
1052 909 1130 980 ίίντα
1158 917 1235 992 τοῖς
1351 975 1353 978 ,

155 1013 402 1103 προειρημένοις
432 1012 568 1102 χώρας.“
621 1017 660 1099 ἓξ
693 1017 735 1083 38
774 1025 807 1083 et
838 1019 881 1082 40
913 1017 1096 1099 comprobat
1128 1018 1230 1084 Schol.

155 1118 233 1184 Plat.
263 1119 283 1184 l.
307 1119 400 1185 modo
423 1120 459 1198 l.;
493 1119 574 1201 §38
606 1120 703 1185 etiam
734 1120 815 1185 Plin.
840 1140 868 1187 n.
892 1121 923 1185 h.
946 1121 1008 1186 VH
1031 1122 1109 1201 2043
1139 1122 1158 1204 ξ
1188 1121 1233 1187 39

154 1220 230 1286 alibi
251 1239 313 1285 non
335 1222 408 1301 legi.
432 1259 474 1266 -

239 1324 257 1406 ξ
279 1324 319 1388 41
345 1320 420 1405 ,μοί
434 1320 492 1410 τὴν
507 1319 638 1408 Διίριον
656 1318 805 1411 Θάμυριν
820 1321 992 1412 ἐπινοῆσαι
1008 1323 1066 1390 τὸν
1084 1326 1232 1414 Θρᾷκα.“
1284 1382 1288 1390 .

155 1424 235 1491 Plin.
258 1444 289 1490 n.
311 1426 342 1491 h.
365 1425 427 1492 VH
450 1427 514 1492 204
545 1427 679 1507 „Dorios
702 1428 876 1510 (modulos)
898 1427 1073 1510 Thamyras
1096 1427 1232 1507 Thrax“‚

155 1529 260 1593 uariat
284 1529 366 1593 enim
390 1530 522 1593 nominis
544 1527 646 1594 forma
673 1528 712 1596 cf.
735 1528 823 1594 Suid.
854 1549 877 1593 s.
906 1527 1053 1617 Θάμυρις
1074 1524 1094 1616 ἢ
1120 1524 1231 1614 Θαμύ-

157 1653 223 1713 ooo·
248 1669 290 1678 —

241 1733 280 1815 ἓξ
302 1734 430 1798 42-44
461 1731 616 1816 ,,Πέρσας
646 1756 681 1797 τε
711 1729 862 1816 πρώτους
894 1727 1078 1819 ἀκηκόαμεν
1107 1728 1237 1823 ἀπήνην

159 1833 215 1900 καί
238 1831 348 1922 κλίνην
368 1833 426 1899 καί
447 1831 633 1901 ὑποπόδιον
655 1832 892 1922 ἕργοίσασθαι.“
928 1838 976 1902 De
999 1837 1048 1902 his
1063 1837 1233 1903 Persarum

159 1939 297 2004 inuentis
320 1938 398 2004 nihil
420 1938 484 2021 legi
507 1958 564 2005 nec
595 1941 660 2004 scio
688 1960 728 2003 an
760 1942 801 2004 ad
825 1940 989 2006 mollitiem
1013 1941 1234 2022 luxuriamque

157 2039 325 2108 Persarum
349 2043 544 2108 notissimam
563 2044 761 2125 pertineant;
784 2043 845 2107 huc
867 2044 982 2109 saltem
1005 2050 1131 2123 spectat
1145 2043 1234 2109 aliud

158 2162 264 2209 eorum
298 2138 379 2231 εὗρε
413 2145 528 2210 Athen.
561 2146 592 2209 ΙΙ
615 2164 644 2226 p.
668 2146 728 2212 480
758 2149 913 2232 ,,Πρῶτοι
947 2143 984 2210 δὲ
1015 2143 1155 2231 Πέρσαι,
1188 2138 1239 2222 ὥς

160 2266 258 2331 φησιν
273 2241 501 2334 Ἡρακλείδης,
528 2245 681 2324 καὶτοὺς
703 2248 894 2332 λεγομένους
916 2249 1064 2331 στρώτας
1086 2246 1236 2336 ἐφεῦρον,

158 2349 210 2413 ἵνα
234 2345 359 2434 κόσμον
380 2345 436 2436 ἔχη
458 2348 478 2437 ἡ
500 2354 640 2437 στρῶσις
662 2349 717 2414 καὶ
737 2344 921 2436 εὐάφειαν.“
943 2388 984 2398 -

243 2455 262 2537 ξ
277 2455 319 2520 45
333 2449 430 2533 υτούς
444 2476 479 2517 τε
496 2450 672 2530 Σιδωνίους
685 2450 856 2537 τρίκρανον
871 2456 946 2518 ναῦν
961 2449 1236 2519 κατασκευάσαι.“

158 2557 228 2622 Non
251 2556 382 2621 dubium
414 2562 473 2634 est,
501 2558 576 2637 quin
604 2552 774 2639 τρίκροτος
804 2558 863 2623 hoc
885 2557 952 2622 loco
972 2557 1056 2621 idem
1079 2554 1239 2638 significet.

159 2659 242 2741 quod
265 2653 410 2745 τριήρης;
441 2677 511 2723 eam
542 2658 625 2723 enim
657 2660 825 2737 notionem,
856 2678 950 2742 quam
979 2653 1180 2741 μονόκροτος
1202 2664 1237 2722 et

159 2757 310 2847 δίκροτος
326 2761 556 2826 adiectiuorum
572 2762 732 2842 propriam
745 2761 843 2828 fuisse
855 2762 1063 2842 Brousingius
1075 2764 1106 2840 1)
1118 2760 1236 2840 docuit,

158 2864 387 2931 recentioribus
410 2865 607 2947 temporibus
622 2883 732 2930 seuere
749 2865 921 2930 obseruare
936 2866 1088 2930 uidentur
1102 2863 1236 2928 desiisse

158 2966 359 3050 grammatici
391 2975 424 3030 et
452 2968 641 3049 quicumque
673 2985 738 3030 rem
770 2968 929 3033 nauticam
963 2966 1153 3048 ignorabant
1183 2963 1237 3044 (ci.

158 3070 297 3136 Bekkeri
320 3072 379 3135 An.
396 3069 451 3135 Gr.
472 3091 504 3152 p.
520 3070 594 3152 240,
617 3071 637 3134 9
660 3077 693 3135 et
717 3070 847 3135 Aristid.
870 3071 913 3134 43
934 3090 965 3151 p.
990 3070 1108 3151 798D),
1131 3069 1178 3132 ita
1199 3071 1241 3131 ut

158 3169 290 3262 τριήρης
312 3179 345 3238 et
367 3167 538 3257 τρίκροτος
560 3173 736 3254 promiscue
765 3180 1002 3254 usurparentur.
1047 3172 1238 3252 Quanquam

160 3276 344 3342 testimonia
366 3273 488 3340 frustra
519 3275 673 3358 quaesiui,
703 3274 780 3341 nihil
811 3275 990 3340 offensionis
1012 3275 1085 3339 huic
1108 3272 1241 3338 inuento

159 3379 263 3444 inesse
286 3377 442 3442 existimo.
489 3377 585 3442 Sidon
617 3379 700 3442 enim
732 3386 829 3460 caput
858 3382 909 3442 est
931 3377 1135 3456 Phoenicum,
1158 3391 1240 3456 quos

250 3572 281 3644 1)
294 3566 443 3650 Loesanp
459 3567 513 3632 des
530 3566 804 3631 Tricrcaroctsets.
831 3573 909 3627 1889
926 3589 954 3644 p.
970 3573 1038 3626 108.
1062 3567 1239 3644 Quanquam

160 3675 221 3714 non
244 3655 408 3727 defuerant,
431 3655 482 3734 qui
505 3655 583 3714 Xon.
600 3655 680 3713 Hell.
696 3654 729 3712 II
755 3658 781 3725 1,
805 3659 844 3712 28
867 3662 948 3713 recte
970 3654 1243 3729 interpretarentur

161 3742 212 3819 (cf.
242 3741 353 3800 Sturzii
383 3741 485 3799 Lexic.
515 3740 593 3798 Xon.
616 3740 633 3798 I
655 3760 683 3816 p.
708 3739 792 3818 743),
823 3746 922 3798 tamen
945 3739 1154 3812 Brousingium
1175 3735 1239 3793 lau·

162 3828 230 3886 dare
260 3827 366 3899 malui,
395 3827 506 3904 quippe
535 3826 586 3905 qui
614 3845 712 3884 rerum
744 3825 928 3885 nauticarum
957 3825 1070 3900 peritus
1101 3822 1241 3881 notitiam

161 3912 291 3970 triremis
312 3918 441 3971 nostram
466 3911 635 3986 nuperrime
658 3910 830 3970 correxerit.
