2782 4642
584 347 797 413 ...60-

152 524 191 602 „1
214 525 238 585 I
240 513 420 605 εωμετρίαν
450 515 510 602 μὲν
538 515 599 602 γάρ
629 514 685 580 καί
720 518 741 581 2
769 508 989 600 ἀστρονομίαν
1020 511 1237 600 Αἰγυπτίους

155 617 306 707 πρώτους
327 616 492 707 εὓρνγκὲναι
514 616 631 706 φασίν·
660 619 681 684 3
708 611 904 705 ἀστρολογία
927 615 1042 683 δὲκαὶ
1063 617 1232 703 γενεθλια·

152 719 245 810 λογία
267 719 446 788 Χαλδαίων
467 716 590 808 είρημα
612 719 748 805 λέγεται.
769 717 951 808 4”Αραβες
974 719 1011 786 δὲ
1031 718 1089 786 καί
1109 713 1235 806 Φρύγες

152 823 411 915 οἰωνοσκοπικὴν
426 823 605 912 ἐπενόησαν
628 826 772 912 πρῶτον·
797 817 849 888 ὅτι
870 821 908 888 δὲ
929 820 986 888 καί
1007 825 1028 890 5
1050 817 1235 911 ῆσάλπιγξ

156 931 305 1015 Τυρρηνιῑ
307 954 324 993 ν
354 927 443 994 ἐστιν
472 923 574 1014 ἔργον,
603 925 659 991 καί
688 927 708 991 6
738 919 832 992 αδλοί
858 923 1005 1011 Φρυγιῖν,
1038 924 1234 992 διδάσκουσι

151 1029 212 1116 μὲν
234 1027 269 1096 αἱ
290 1028 477 1116 τραγῳδίαι,
500 1029 693 1096 διδάσκουσι
714 1027 751 1095 δὲ
765 1026 848 1114 μετά
870 1023 994 1095 τούτων
1016 1022 1051 1091 αί
1075 1024 1233 1113 ἱστορίαι.

151 1133 224 1199 Καί
248 1136 267 1200 λ
289 1132 331 1200 τά
352 1129 530 1222 γράμματα
559 1131 596 1198 δὲ
631 1128 787 1208 Φοίνικας
815 1127 978 1219 εὑρηκέναι
1000 1130 1231 1221 λογοποιοῦσιν

154 1230 185 1301 οἱ
198 1230 357 1322 Ἓλληνες,
379 1235 437 1303 καί
452 1234 509 1301 τίν
531 1234 671 1319 Κάδμον
685 1233 787 1298 ταῦτα
802 1236 934 1319 πρῶτον
955 1229 1004 1309 είς
1017 1229 1075 1320 τὴν
1089 1226 1231 1296 Ἑλλάδα

156 1333 302 1422 κομίσαι.
331 1340 351 1405 8
380 1335 525 1424 ἰατρικῆς
554 1335 591 1402 δὲ
613 1330 713 1424 ἀρξαι
735 1333 792 1400 τδν
808 1327 913 1401 ’Λπίν
936 1355 1021 1421 φασι
1041 1331 1098 1399 τὸν
1120 1329 1229 1418 Αίγύ-

154 1462 261 1521 πτιον,
284 1431 357 1505 εἶτα
378 1439 434 1505 τίν
454 1437 657 1526 Ἀσκληπιὸν
679 1432 817 1526 αὐξῆσαι
840 1436 896 1526 τὴν
916 1436 1036 1524 τέχνην.
1059 1438 1080 1502 9
1103 1435 1237 1522 σκάφος·

157 1539 195 1607 δὲ
217 1547 348 1629 πρῶτον
379 1541 414 1609 ἐν
435 1542 550 1630 Λιβύῃ
572 1545 815 1629 rocamador
837 1538 1012 1626 λέγουσιν.“

130 1729 132 1733 y
240 1645 331 1711 Hanc
353 1647 567 1712 narrationem
583 1665 601 1711 e
617 1644 788 1710 Clementis
804 1644 954 1710 thesauro
971 1643 1146 1709 delibatam
1162 1659 1233 1707 esse

153 1746 305 1814 facillime
320 1750 556 1814 demonstratur
570 1753 609 1825 ¹).
646 1746 836 1812 Theodoreti
851 1747 933 1811 enim
949 1747 988 1829 ἕξ
1002 1745 1087 1811 5-9
1101 1760 1238 1828 prorsus

154 1855 331 1932 congruunt
354 1868 425 1915 cum
440 1849 610 1915 Clementis
632 1850 670 1932 ἕξ
693 1848 822 1913 11-15
837 1853 932 1931 atquc
954 1851 1001 1914 ita
1023 1849 1163 1931 quidem,
1185 1851 1236 1928 ut,

154 1951 208 2017 ubi
239 1953 337 2019 uerba
368 1971 428 2017 non
460 1953 571 2017 eadem
603 1952 762 2032 leguntur,
796 1954 882 2034 apud
914 1950 1150 2017 Theodoretum
1179 1969 1232 2016 res

153 2061 337 2121 contractae
359 2055 432 2120 sint.
477 2052 583 2118 Verba
604 2062 711 2119 antem
734 2054 753 2137 ξ
776 2055 874 2136 5sq.:
897 2046 970 2133 ,ὅτι
992 2104 999 2118 .
1023 2103 1031 2119 .
1055 2102 1063 2117 .
1088 2102 1112 2132 .,
1136 2047 1236 2116 διδά-

153 2175 268 2221 σκουσι
290 2154 350 2240 μὲν
380 2150 415 2220 αί
445 2151 633 2240 τραγῳδίαι,
663 2155 857 2221 διδάσκουσι
891 2152 927 2220 δὲ
948 2153 1030 2239 μετά
1052 2155 1174 2221 τούτων
1197 2149 1233 2218 αὶ

154 2254 327 2344 loreolam,
352 2258 497 2341 quamuis
527 2257 698 2340 singularis
728 2258 891 2324 doctrinae
921 2261 1058 2340 speciem
1089 2276 1168 2338 prae
1198 2275 1234 2322 sc

152 2361 268 2442 ferant,
290 2368 396 2428 tamen
421 2381 440 2426 a
462 2361 659 2427 Theodoreto
688 2362 758 2444 ipso
789 2362 1012 2427 ostentationis
1034 2361 1140 2442 gratia
1162 2377 1235 2425 esse

154 2464 281 2530 adiecta
302 2465 335 2529 in
356 2465 525 2547 propatulo
548 2469 607 2546 est,
630 2463 819 2546 praesertim
842 2480 913 2528 cum
936 2462 988 2528 ille
1004 2465 1114 2528 eadem
1131 2462 1237 2528 uerba

153 2569 281 2651 saepius
309 2567 490 2633 adhibuerit
519 2566 673 2633 formulae
702 2567 866 2632 cuiusdam
896 2566 981 2632 uice:
1012 2564 1236 2648 114;121;

154 2671 285 2749 11123;
308 2670 439 2751 (1141).

239 2771 362 2835 Deinde
392 2770 583 2836 Theodoreti
614 2770 633 2852 5
655 2770 758 2850 prima
780 2771 955 2837 Clementis
986 2769 1235 2854 §conprimit

154 2874 218 2940 Sed
239 2873 313 2954 §§2
336 2877 370 2936 et
391 2871 412 2936 3
434 2871 564 2937 aOlem.
580 2872 725 2955 catalogo
746 2874 826 2939 adeo
857 2874 1054 2956 discrepant,
1082 2881 1119 2937 ut
1147 2893 1235 2956 γενε-

150 2971 354 3059 Ιθλιαλογίας
375 2983 432 3039 aut
455 2975 540 3056 apud
557 2974 751 3041 Clementem
772 2980 829 3041 aut
851 2976 1007 3043 similibus
1028 2975 1091 3041 illis
1112 2978 1235 3041 cetero·

149 3063 224 3142 num
246 3077 496 3143 Christianorum
519 3078 596 3143 locis
617 3079 744 3143 omnino
759 3097 818 3143 non
833 3076 892 3144 fiat
907 3078 1033 3144 mentio.
1078 3079 1234 3154 Attamen

155 3182 344 3246 contendere
366 3179 472 3245 nullus
494 3179 605 3245 dubito
628 3182 670 3245 ad
686 3183 841 3247 neminem
863 3183 924 3246 nisi
939 3183 981 3246 ad
997 3181 1234 3247 Theodoretnm

154 3282 258 3365 ipsum
281 3282 364 3347 hano
386 3283 634 3363 discrepantiam
655 3302 725 3350 esse
747 3284 956 3364 referendam,
978 3282 1095 3366 quippe
1116 3281 1173 3366 qui
1195 3300 1234 3347 ea

154 3403 237 3468 quae
258 3384 381 3466 legerat
404 3386 572 3451 emendare
593 3385 740 3452 uoluerit.
782 3387 865 3463 Nam
888 3394 924 3452 ut
946 3406 985 3451 ea
999 3385 1111 3451 melius
1126 3386 1235 3467 dispo·

154 3492 254 3567 neret,
276 3506 358 3571 qnae
381 3487 476 3554 (ilem.
499 3488 553 3570 §1
577 3489 906 3571 comprehenduntur:
928 3483 1135 3572 ,Αἰγύπτιοι
1158 3535 1168 3553 .
1191 3535 1201 3552 .
1224 3535 1232 3553 .

155 3583 387 3678 ἀστρολογίαν,
417 3585 542 3675 ὁμοίως
573 3587 610 3654 δὲ
639 3586 696 3654 καί
728 3590 927 3671 Χαλδαῖοι“,
961 3593 1030 3674 ipse
1063 3591 1232 3674 Aegyptiis

244 3817 273 3891 1)
304 3817 367 3875 Iam
390 3817 529 3876 Potterus
561 3815 597 3872 ad
620 3814 710 3874 diem.
733 3820 783 3875 str.
806 3817 824 3874 I
848 3821 885 3875 16
907 3836 936 3892 p.
961 3821 1021 3874 362
1052 3817 1233 3875 Clementem

154 3901 246 3960 fuisse
268 3900 444 3959 Theodoreti
466 3901 581 3960 fontem
603 3901 821 3961 animaduertit.
