2782 4642
591 407 633 418 ,,,
676 370 718 439 85
761 411 803 421 -.

165 540 323 622 Aegypto)
354 541 409 606 lini
432 560 522 607 usum
546 548 780 626 sementemque
810 544 1028 623 monstrauit“,
1060 562 1238 627 quanquam

164 661 237 706 num
261 644 398 720 „lineor‘
421 646 460 710 de
484 646 553 709 uelo
584 645 767 727 intellegere
789 645 894 726 liceat,
927 646 1057 715 dubium
1090 654 1149 713 est
1193 648 1240 713 De

164 745 247 809 Iside
276 743 375 809 filium
409 754 580 827 quaerente
610 746 648 813 cl.
678 747 792 812 Minut.
822 747 886 812 Fel.
915 748 984 813 Oct.
1008 749 1065 828 22;
1095 751 1240 814 Lactant.

164 848 236 912 inst.
262 848 326 913 diu.
350 851 366 914 Ι
388 852 439 915 21.
464 887 502 895 -—

250 951 331 1032 §38
356 952 518 1031 „Minerua
548 952 652 1033 prima
673 971 786 1017 nauem
810 953 968 1034 biproram
992 953 1102 1018 Danao
1131 953 1239 1018 aedifi-

164 1053 259 1132 cauit,
293 1053 323 1116 iu
346 1071 409 1134 qua
431 1057 611 1136 Aegyptum
643 1053 775 1120 fratrem
807 1054 979 1138 profugit.“
1024 1056 1150 1121 Eisdem
1174 1056 1240 1122 fere

164 1155 269 1220 uerbis
292 1157 375 1220 idom
398 1158 563 1222 inuentum
593 1157 709 1239 legitur
731 1155 793 1223 fab.
819 1157 888 1224 168.
912 1157 1084 1223 Praeterea
1114 1161 1240 1241 saepius

163 1259 201 1323 ab
225 1258 264 1321 iis
286 1266 557 1339 commemoratur,
584 1261 638 1340 qui
669 1258 809 1326 fabulam
842 1262 881 1326 de
903 1260 1051 1342 Aegypto
1074 1267 1107 1326 et
1129 1260 1239 1326 Danao

164 1368 311 1427 narrant:
343 1362 486 1443 Apollod.
517 1383 567 1445 ap.
592 1361 693 1428 Schol.
724 1361 835 1428 Venet.
858 1364 899 1427 ad
929 1364 1020 1428 Hom.
1043 1366 1083 1426 A
1110 1363 1168 1446 42;
1201 1362 1239 1430 cf.

166 1463 310 1545 Apollod.
334 1463 409 1528 bibl.
432 1465 463 1528 Il
488 1467 515 1546 1,
538 1466 568 1545 4,
592 1466 624 1542 7;
657 1465 824 1530 Phanoria.
854 1483 877 1531 s.
912 1485 940 1530 u.
964 1461 1106 1546 Λαναοί;
1138 1464 1239 1531 Schol.

163 1565 283 1631 Strozz.
315 1568 355 1630 ad
380 1567 484 1632 Germ.
509 1570 597 1633 Aret.
620 1587 650 1649 p.
675 1568 746 1650 172,
772 1569 811 1633 12
834 1569 942 1650 Breys.
985 1568 1033 1634 De
1055 1568 1237 1650 principatu

163 1670 279 1733 aetatis
302 1680 408 1734 autem
426 1671 640 1752 disceptantes
655 1671 777 1736 Iasonis
793 1673 879 1754 Argo
893 1675 927 1735 et
942 1670 1044 1737 Danai
1059 1671 1236 1737 Danaidem

161 1770 282 1837 faciunt
306 1771 410 1837 Schol.
434 1772 535 1855 Apoll.
559 1774 617 1837 Rh.
642 1773 700 1836 14
722 1781 754 1838 et
776 1772 877 1838 Schol.
893 1773 970 1838 Eur.
986 1771 1069 1838 Med.
1088 1775 1115 1837 1.
1140 1771 1238 1837 Paulo

161 1873 254 1939 aliter
276 1893 341 1940 rem
366 1875 520 1955 expressit
543 1874 664 1940 Plinius
686 1895 715 1939 n.
731 1875 761 1941 h.
779 1874 839 1939 VII
861 1874 924 1940 206
946 1894 1048 1957 „naue
1069 1876 1191 1958 primus
1206 1876 1237 1939 in

163 1976 328 2040 Graeciam
353 1995 391 2040 ex
414 1980 559 2060 Aegypto
581 1977 712 2043 Danaus
734 1976 894 2043 aduenit.“

246 2181 399 2259 Quoniam
424 2180 548 2261 singula
577 2182 825 2262 percensuimus,
854 2183 917 2248 iam
948 2183 1024 2264 quid
1055 2184 1096 2248 de
1118 2184 1237 2250 catalo-

159 2301 269 2361 gerum
305 2283 409 2347 indole
447 2283 649 2348 iudicandum
686 2285 747 2362 sit,
781 2284 999 2350 deliberemus.
1050 2286 1097 2352 Ac
1133 2287 1236 2368 primo

159 2386 285 2466 quidem
308 2387 421 2451 obtutu
444 2386 611 2468 unicuique
634 2394 768 2468 apparet
790 2386 965 2452 miserrime
994 2405 1063 2453 esse
1085 2393 1236 2468 corrupta

159 2506 196 2553 ac
230 2487 388 2569 mutilate,
420 2507 501 2569 quae
534 2493 672 2554 aetatem
707 2488 859 2555 tulerunt.
903 2487 1123 2571 Compluribus
1153 2491 1234 2554 enim

161 2589 238 2656 locis
262 2592 403 2655 narratio
425 2592 509 2656 hiat:
541 2608 601 2655 non
633 2590 732 2657 solum
762 2591 887 2656 initium
918 2593 1034 2673 capitis
1055 2592 1120 2658 274
1141 2611 1233 2673 prue-

158 2693 257 2758 cisum
291 2701 357 2774 est,
388 2696 445 2759 sed
479 2694 575 2760 etiam
611 2694 715 2760 media
744 2694 775 2758 in
806 2693 986 2759 narratione
1014 2694 1129 2777 capitis
1158 2694 1232 2776 277,

157 2804 231 2861 ante
264 2797 361 2879 ξ32,
394 2797 568 2879 compluria
590 2804 675 2862 certe
698 2796 795 2863 uerba
825 2796 1023 2863 intercidisse
1051 2797 1083 2862 in
1116 2815 1231 2879 propa·

156 2898 223 2962 tulo
247 2904 312 2980 est;
341 2907 516 2981 praeterea,
546 2919 627 2981 quae
649 2900 778 2967 leuioris
807 2905 882 2965 snut
912 2900 1072 2980 momenti,
1102 2900 1232 2965 lacunas

157 3002 421 3083 deprehendimus
436 3003 468 3068 iu
484 3003 522 3085 ἕξ
537 3004 565 3069 2.
577 3004 607 3069 8.
621 3002 672 3068 27.
695 3003 818 3068 Deinde
833 3003 966 3084 siugulis
981 3002 1087 3069 uerbis
1100 3020 1231 3084 corrup·

156 3105 198 3168 tis
220 3111 326 3169 textus
349 3103 492 3170 foedatus
515 3112 573 3185 est,
595 3125 621 3171 e.
637 3126 667 3187 g.
683 3105 722 3188 ἓξ
744 3106 793 3170 22.
817 3104 868 3171 23.
892 3107 943 3172 24.
967 3106 1017 3171 28.
1041 3106 1121 3170 Tum
1143 3105 1229 3170 ordi-

156 3225 226 3271 nem
250 3208 345 3271 etiam
367 3207 536 3272 uerborum
568 3225 627 3272 non
656 3207 754 3274 semel
777 3207 939 3274 turbatum
963 3210 1129 3288 cernimus,
1150 3228 1176 3274 e.
1199 3227 1228 3288 g.

157 3310 195 3392 ἓξ
216 3310 236 3373 3
259 3318 292 3374 et
314 3311 363 3374 34.
387 3311 527 3389 Accedit,
550 3312 635 3391 quod
655 3330 760 3377 rerum
782 3328 906 3392 quoque
929 3313 1006 3376 ordo
1021 3311 1149 3392 saepius
1162 3311 1227 3375 dis·

155 3413 280 3476 solutus
310 3430 377 3478 esse
409 3411 575 3478 manifesto
603 3413 758 3495 proditur.
803 3412 903 3480 Nemo
932 3413 1024 3494 enim,
1055 3414 1110 3495 qui
1132 3430 1227 3477 sanus

154 3521 213 3595 est,
243 3515 417 3582 certamina
447 3516 675 3597 quadrigarum
706 3516 739 3598 (ς
761 3515 816 3598 10)
846 3515 977 3581 inferret
1005 3516 1038 3580 in
1071 3514 1226 3581 narratio·

153 3758 206 3815 lini
223 3778 307 3816 usum
323 3765 543 3838 sementemque
559 3758 744 3821 monstrauit.
759 3759 1001 3819 comminuendae
1015 3759 1110 3835 frugis
1124 3760 1224 3819 farris-

153 3863 210 3921 que
227 3846 391 3918 t'ragmenta
406 3845 543 3905 Pilumno
562 3846 698 3921 adsignat
712 3846 808 3906 Italia.
823 3843 966 3906 adscribit
978 3845 1119 3921 Asclepio
1135 3845 1224 3905 Grae-

151 3929 197 3988 cia
218 3930 421 3988 medicinam.“
