2782 4642
572 375 807 447 „104-

153 550 279 617 dedisse
310 551 407 616 certis
440 548 629 616 testimoniis
658 549 811 615 traditum
843 549 886 614 sit
916 547 969 631 (cf.
998 566 1095 630 supra
1123 568 1154 631 p.
1187 547 1231 614 74

153 656 226 718 adn.
251 654 295 735 l),
326 671 415 733 eum,
449 670 520 717 cum
555 653 595 718 de
623 657 714 716 rotae
741 650 885 733 figularis
917 655 1078 734 repertore
1109 659 1231 732 agaret,

154 755 275 838 Ephori
297 755 489 822 sententiam
512 754 706 822 auctoritate
720 754 932 837 Theophrasti
953 753 1100 836 magistri
1122 755 1230 820 nixum

154 857 343 925 reiutanisse
365 859 574 945 suspicamur,
594 856 733 923 Plinium
748 863 856 925 autam
871 856 1049 922 nominihus
1063 863 1231 923 auctorum

153 960 278 1026 silentio
299 961 483 1043 praeteritis
505 961 679 1027 sententias
701 967 735 1026 at
757 960 877 1041 Ephori
892 963 923 1040 1)
952 966 986 1026 et
1016 957 1232 1040 Theophrasti

154 1082 193 1128 ex
215 1062 373 1130 Stratonis
395 1063 576 1129 narratione
598 1063 812 1145 descripsisse.

241 1166 363 1232 Deinde
378 1185 435 1248 per
450 1167 584 1231 eundem
599 1165 736 1231 riuulum
751 1165 783 1230 in
793 1165 887 1231 Plinii
905 1165 1084 1246 catalogum
1098 1162 1233 1229 fluxisse

155 1267 290 1345 conicio,
322 1286 403 1349 quae
434 1269 693 1335 Aristotelis
724 1269 850 1334 nomine
888 1268 1018 1333 laudato
1051 1272 1231 1332 narrantur.

155 1368 292 1435 Plinium
314 1372 397 1436 euim
421 1371 524 1455 ipsum
556 1371 635 1436 haec
665 1370 873 1451 exoperibus
897 1369 1079 1436 Aristotelis
1101 1370 1232 1451 conqui-

155 1472 269 1538 siuisse
290 1474 345 1538 uix
374 1474 539 1557 quisquam
568 1475 694 1555 credet,
723 1473 911 1555 praesertim
944 1491 1014 1538 cum
1037 1473 1100 1537 duo
1122 1489 1232 1536 eorum

153 1569 348 1662 εὑρημάτων,
384 1594 465 1657 qnae
502 1576 623 1642 Plinius
659 1578 700 1642 ad
734 1577 801 1641 eius
834 1575 1056 1641 auctoritatem
1091 1579 1234 1652 reuocat,

156 1678 251 1743 etiam
275 1679 307 1743 in
337 1678 507 1745 Clementis
537 1680 682 1760 catalogo
704 1677 906 1760 alphabetico
928 1677 987 1760 (A)
1009 1677 1157 1759 legantur
1178 1673 1233 1759 (ei.
1294 1752 1296 1756 .

155 1798 251 1861 supra
273 1801 303 1864 ρ.
325 1782 367 1846 29
382 1800 450 1865 sqq.
472 1788 506 1848 et
527 1782 593 1865 34),
622 1798 714 1863 quem
744 1780 998 1848 consarcinatum
1027 1797 1234 1864 essecogno-

157 1885 260 1950 nimus
275 1903 314 1950 ex
329 1890 482 1966 quattuor
496 1884 783 1950 heurematicorum
800 1882 959 1966 operibus,
975 1885 1046 1948 dico
1063 1883 1235 1961 Scamonis,

156 1986 379 2068 Theophrasti,
394 1987 630 2066 Stratonis,
652 1985 904 2067 Philostephani.
927 1985 1029 2052 Porro
1045 1985 1234 2052 monendum
1298 2021 1301 2024 -

156 2096 205 2155 est
225 2096 275 2155 ter
297 2089 477 2155 Aristotelis
507 2096 541 2155 et
569 2090 783 2172 Theophrasti
814 2090 990 2155 secuntias
1012 2088 1096 2155 inter
1117 2105 1151 2153 se
1175 2106 1233 2168 ορ-

154 2192 275 2274 positas
302 2196 547 2275 coniunctaeque
576 2211 662 2260 esse:
692 2192 754 2258 VII
785 2191 1052 2270 195.197.205;
1081 2190 1115 2256 id
1145 2191 1232 2272 qnod

154 2294 275 2376 optime
296 2296 434 2377 quadrat
455 2297 496 2362 ad
520 2296 709 2378 discipulum
732 2313 850 2362 eorum.

240 2396 320 2463 Tum
342 2397 375 2462 id
390 2398 557 2480 aptissime
573 2417 644 2466 cum
660 2398 802 2464 Statonia
817 2397 923 2480 operis
937 2395 1042 2463 indole
1057 2413 1233 2478 congruere

160 2551 358 2560 ᾖ...-

248 2659 275 2736 1)
299 2659 456 2719 Praeterea
478 2677 543 2718 cum
566 2659 679 2735 Ephori
701 2658 857 2717 sententiis
879 2658 963 2733 apud
979 2656 1053 2736 alios
1074 2655 1235 2731 scriptores

157 2743 281 2802 seruatis
296 2745 468 2820 conspirant
482 2746 555 2803 haec
569 2746 759 2803 heuremata:
776 2742 837 2803 v11
851 2747 909 2801 198
921 2742 1063 2801 Phidonis
1078 2760 1234 2818 mensurae

157 2838 188 2890 et
209 2831 340 2905 pondera
361 2829 469 2906 (Strab.
485 2829 565 2889 vm
582 2835 608 2901 3,
633 2829 701 2902 88);
725 2828 858 2888 v11201
877 2828 1047 2888 Artemonis
1069 2827 1235 2886 testudines

157 2916 256 2988 (Diod.
273 2915 338 2973 XII
353 2919 402 2986 88,
419 2921 454 2987 3;
471 2914 548 2974 Plut.
565 2915 674 2974 Pericl.
686 2914 736 2987 87,
753 2919 789 2987 4;
805 2914 842 2974 cf.
859 2914 1011 2989 Ungerum
1026 2911 1116 2976 Mtte.
1131 2909 1235 2976 Rhea

156 3001 332 3075 XXXVIII
349 3004 430 3059 1888
453 3022 481 3077 ρ.
499 3002 574 3076 499)
581 3022 588 3071 ;
614 3000 676 3060 v11
690 3003 751 3059 209
766 2999 977 3060 Anacharsidis
998 3017 1106 3059 ancora
1128 2999 1239 3058 bidens.

156 3087 264 3164 (Strab.
291 3087 350 3160 VH
373 3092 400 3160 3,
425 3092 460 3157 9;
482 3086 580 3146 Sahal.
602 3089 661 3163 Ap.
684 3087 743 3146 Rh.
765 3087 782 3145 I
806 3085 910 3162 1276).
956 3086 1122 3144 Potuerunt
1141 3084 1236 3159 igitur

156 3173 281 3231 fortasse
302 3174 376 3231 haec
404 3192 523 3252 quoque
553 3191 607 3248 per
636 3172 782 3231 Stratonis
813 3191 887 3247 opus
916 3171 1102 3231 innotescere
1125 3169 1234 3230 Plinio.

160 3256 218 3316 Sed
242 3258 266 3316 si
289 3259 355 3337 quis
377 3257 540 3317 intenderit
561 3258 675 3334 Ephori
697 3257 790 3333 ipsius
813 3277 844 3317 π.
860 3247 921 3331 erip.
944 3277 1019 3334 opus
1033 3256 1111 3314 inter
1126 3255 1235 3331 prima-

156 3344 218 3401 rios
249 3343 340 3401 Plinii
369 3346 468 3403 fontes
496 3345 709 3402 numerandum
742 3361 806 3402 esse
827 3348 994 3419 propterea,
1026 3342 1104 3421 quod
1127 3359 1235 3400 nomen

157 3429 221 3487 eius
243 3429 274 3485 in
296 3436 449 3488 auctorum
472 3429 570 3488 indice
600 3430 767 3502 exhibetur,
796 3427 978 3504 argumentis
1005 3446 1076 3486 sane
1097 3427 1236 3504 redargui

157 3534 217 3574 non
240 3514 357 3590 poterit.
402 3515 466 3589 Ego
490 3516 608 3594 quidem
625 3515 736 3592 Ephori
759 3534 866 3574 nomen
889 3514 968 3573 inter
982 3519 1118 3573 auctores
1132 3513 1235 3572 lauda-

157 3605 221 3659 tum
252 3601 315 3659 sola
344 3601 379 3659 ad
409 3619 443 3659 ea
469 3601 620 3678 pertinere
649 3601 786 3674 arbitror,
817 3618 893 3680 quae
926 3600 987 3658 VH
1011 3603 1071 3659 154
1102 3618 1137 3658 eo
1160 3605 1237 3659 teste

156 3687 300 3763 producto
315 3686 502 3760 referuntur;
527 3706 615 3767 quam
630 3686 877 3746 narratiunculam
894 3705 954 3744 non
970 3705 1010 3744 ex
1023 3685 1138 3761 Ephori
1152 3683 1238 3744 libris

157 3773 231 3848 ipsis
253 3772 383 3832 Plinium
406 3774 589 3849 protraxisse
610 3792 726 3845 censeo,
760 3774 810 3831 sed
840 3771 941 3848 potius
969 3790 1008 3830 ox
1036 3771 1113 3830 libro
1135 3769 1235 3850 aliquo

158 3859 357 3930 conlectaneo,
381 3878 468 3938 quem
491 3859 616 3918 eundem
638 3859 826 3934 usurpauerit
847 3857 983 3917 Valerius
1005 3858 1086 3916 Max.
1103 3855 1180 3915 VIII
1197 3859 1236 3914 18

36 4003 46 4024 ,
158 3943 204 4021 (oi.
228 3964 318 4020 supra
339 3965 367 4023 p.
394 3949 452 4003 loo
474 3945 540 4003 adn.
567 3946 606 4022 1).
