2782 4642
582 299 797 365 „62-

241 468 364 535 Deinde
386 487 567 552 quanquam
591 468 682 549 larga
704 468 876 534 Clementis
898 469 988 549 copia
1010 467 1113 533 multo
1123 468 1238 535 ‘mino-

155 590 224 637 rem
247 565 434 657 εὑρημάτων
456 588 621 637 numerum
650 571 703 637 ille
731 570 875 653 protulit,
905 574 1012 636 tamen
1042 605 1085 618 -
1115 589 1180 635 una
1201 591 1236 638 na

153 679 341 756 excepta-
356 675 490 739 eundem
505 672 648 738 ordinem
664 673 856 755 seruauit1).
901 672 983 751 Quin
1000 691 1072 739 eam
1094 690 1238 754 causam,

153 793 217 856 qua
240 777 390 843 inductus
412 776 444 841 in
460 777 499 859 ἓξ
518 778 534 840 l
552 783 585 840 et
600 778 621 841 2
635 793 656 840 a
670 775 766 842 Olem.
791 775 903 841 ordine
924 776 1114 855 discesserit
1136 775 1241 842 mani·

154 877 272 943 festam
307 877 506 957 habebimus,
536 895 608 943 oum
637 879 895 959 reputauerimus
926 876 1172 961 Theodoretum‚
1203 883 1244 945 ut

153 980 386 1064 Aegyptiorum
417 980 606 1046 heuremata
634 986 747 1047 cuncta
777 1016 816 1027 -
846 980 929 1047 siout
950 980 1095 1046 Clemens
1116 979 1239 1048 fecerat

152 1084 249 1148 -in
280 1083 372 1149 initio
393 1083 581 1163 conlocaret,
606 1078 812 1170 γεωμετρίαν,
836 1101 932 1165 quam
954 1083 1007 1148 ille
1028 1083 1097 1147 loco
1120 1083 1234 1166 quinto

153 1185 358 1267 exhibuerat,
396 1187 429 1252 in
468 1186 604 1268 primum
643 1187 744 1251 locum
775 1183 948 1251 transferre
980 1190 1123 1251 coactum
1154 1203 1240 1266 esse,

152 1289 301 1370 quoniam
335 1288 568 1372 Aegyptiorum
607 1288 819 1355 astronomiae
849 1292 1042 1368 opposuerat
1074 1286 1240 1354 Chaldae-

154 1408 244 1455 orum
267 1384 483 1475 ἀστρολογίαν
504 1386 561 1454 καὶ
582 1383 858 1472 γενεθλιαλογίαν.

241 1492 388 1574 Denique
411 1510 482 1558 cum
497 1492 673 1575 complures
696 1492 883 1574 particulae,
905 1510 984 1574 quas
1001 1490 1147 1556 Clemens
1169 1491 1242 1573 ipse

155 1613 173 1660 e
206 1593 329 1658 duobus
362 1594 499 1658 diuersis
529 1592 670 1659 fontibus
702 1594 867 1659 deriuatas
897 1595 1115 1672 coniunxerat,
1149 1594 1237 1675 apud

155 1696 276 1763 Theod.
306 1695 415 1761 eodem
448 1696 558 1760 ordine
588 1700 803 1778 conectuntur,
834 1694 939 1762 iacere
970 1714 1030 1759 non
1059 1713 1241 1778 possumus,

155 1800 230 1882 quin
247 1797 480 1864 Theodoretum
496 1797 641 1879 catalogo
656 1797 828 1864 Clementis
842 1817 933 1863 usum
949 1816 1019 1865 esse
1033 1798 1240 1864 arbitremur.

658 1985 728 2067 §b

241 2103 299 2170 Vel
321 2104 352 2168 in
375 2103 438 2168 XII
452 2104 612 2169 saeculum
636 2105 826 2171 descendere
850 2123 930 2187 opus
952 2113 1010 2185 est,
1034 2125 1106 2171 nam
1121 2125 1239 2189 agmm

156 2227 274 2286 eorum,
295 2208 352 2287 qui
374 2206 604 2274 Clementiuum
627 2208 806 2291 catalogum
829 2209 1092 2291 comminuerunt,
1115 2207 1243 2274 claudit

156 2310 404 2377 Theodorus
427 2309 684 2377 Prodromus.
718 2310 1241 2392 inlaudatione²)enim,cuiin-

156 2413 308 2481 scribitur
329 2411 434 2499 „Heni
455 2413 513 2500 τῆς
527 2407 670 2499 γλώττης
689 2415 747 2479 coi
764 2407 1031 2499 Ὀρφανοτρόφου
1052 2411 1110 2479 καὶ
1125 2419 1238 2498 Νομο-

159 2515 316 2604 φύλακος,
338 2516 437 2601 κυροῦ
454 2507 605 2596 Ἀλεξίου
626 2516 684 2580 τοῦ
704 2507 931 2604 Ἀριστηνοῦ“,
953 2523 990 2582 ut
1012 2517 1152 2598 linguam
1169 2532 1242 2583 esse

156 2621 311 2705 optimum
334 2620 708 2703 praestantissimumque
741 2620 881 2702 corporis
902 2619 1033 2685 humani
1060 2617 1239 2683 membrum

158 2726 363 2801 demonstret,
378 2720 489 2787 inflato
500 2723 654 2788 orationis
664 2742 778 2805 genere
792 2723 929 2805 exponit,
944 2727 1099 2803 quantum
1109 2720 1242 2810 linguae

157 2827 300 2892 homiues
315 2824 495 2906 debuerint,
517 2830 551 2889 et
565 2833 644 2907 quot
658 2832 744 2891 artes
760 2825 1008 2908 disciplinaeque
1022 2844 1080 2908 per
1094 2824 1240 2905 linguam

158 2931 335 2995 doceantur
348 2933 446 3007 atque
461 2935 675 2994 exerceantur.
711 2929 815 2994 Huius
829 2932 936 2994 autem
952 2924 1243 3010 argumentationis

247 3169 276 3246 l)
298 3168 375 3227 Inde
397 3167 485 3226 simul
506 3168 672 3227 luculenter
704 3168 832 3228 efficitur
854 3169 1072 3228 Theodoretum
1101 3187 1154 3227 sua
1175 3187 1240 3227 uon

160 3275 199 3314 ex
221 3254 348 3312 Eusebio
370 3254 512 3326 hausisse,
536 3254 584 3312 cui
606 3254 725 3332 quidem
749 3255 807 3312 alia
828 3254 920 3313 multa
943 3255 1048 3314 debet:
1078 3257 1146 3312 nam
1169 3274 1239 3312 eum

159 3342 191 3399 in
214 3341 347 3413 catalogo
371 3340 491 3398 Eusebii
506 3339 745 3399 transscribendo
768 3341 845 3399 forte
866 3340 988 3400 fortuna
1003 3346 1093 3419 atque
1108 3340 1240 3398 inscien-

160 3433 220 3487 tem
253 3426 288 3484 ad
320 3425 480 3485 Clementis
510 3424 643 3484 ordinem
672 3445 719 3484 res
751 3425 929 3502 disposuisse
961 3433 1084 3502 propter
1115 3425 1239 3483 nimiam

160 3511 359 3587 catalogorum
382 3510 494 3569 ordinis
527 3510 740 3569 dissensionem
769 3512 806 3569 ab
837 3512 917 3569 omni
949 3511 1160 3588 probabilitate
1186 3511 1241 3569 ab·

160 3599 271 3657 horret.

247 3682 279 3759 2)
303 3680 404 3740 Edidit
419 3682 495 3739 hanc
507 3680 750 3740 declamationem
765 3681 844 3740 inter
859 3681 917 3740 alia
929 3682 1083 3741 Prodromi
1096 3680 1239 3757 opuscula

160 3768 274 3829 arura
302 3766 548 3825 Parte-du-Theil
570 3763 701 3831 Notices
734 3769 765 3830 et
792 3764 927 3830 extruite
960 3765 1014 3830 des
1042 3766 1242 3830 manuscrits

162 3852 200 3916 ue
222 3851 255 3916 lo
277 3849 481 3932 bibliotheque
501 3850 667 3916 numerale
690 3853 750 3911 uol.
777 3853 820 3912 VI
842 3873 872 3930 p.
896 3857 1074 3914 tta-558.
