2782 4642
560 340 773 407 ..45-

114 510 208 592 opici
232 511 312 594 cycli
343 517 456 592 poetae
478 512 658 578 Palamedis
689 514 819 578 inuenta
849 515 1061 594 narranerint‚
1092 515 1205 583 ereli-

118 612 209 695 quiis
232 631 342 678 eorum
365 631 426 677 non
448 612 557 695 liquet,
579 615 635 679 sed
658 633 715 696 per
737 634 771 679 se
795 616 966 681 uerisimile
982 618 1083 701 est1),
1106 618 1205 699 tragi-

114 734 175 782 cos
200 723 308 781 autem
331 714 532 782 Palamedem
555 717 729 798 sapientem
752 722 848 800 atque
863 719 1060 784 inuentorem
1076 721 1204 801 praedi-

111 819 249 884 cauisse
271 825 411 884 constat:
434 817 542 884 TGF²
568 818 605 884 fr.
621 821 728 902 adesp.
744 820 824 899 470;
848 821 942 900 Soph.
966 821 1005 886 lr,
1027 822 1104 902 438;
1129 823 1203 888 Eur.

114 918 158 984 fr.
191 920 266 986 578.
298 956 340 968 -
373 921 449 1003 Ipsa
484 939 561 987 uero
593 925 680 1001 haec,
712 941 793 1005 quae
825 922 1045 988 Nazianzenus
1073 925 1204 1007 profert,

115 1023 256 1088 inuenta
278 1023 354 1105 quin
376 1041 393 1087 e
415 1021 504 1089 fonte
519 1023 625 1104 aliquo
640 1024 855 1090 henrematico
871 1025 1033 1108 descripta
1054 1028 1127 1106 sint,
1151 1028 1205 1093 uix

108 1125 278 1190 dubitem.
323 1125 441 1189 Rerum
473 1125 682 1206 mythicarnm
713 1133 799 1192 certe
828 1128 998 1208 scriptores
1022 1133 1055 1192 et
1080 1129 1114 1209 ii,
1148 1129 1203 1211 qni

115 1225 303 1292 fabularum
326 1221 508 1303 ὑποθέσεις
529 1228 732 1309 enarrabant,
754 1234 878 1294 tantum
902 1230 941 1293 de
963 1228 1085 1294 inuidia
1101 1230 1202 1296 Ulixis

119 1336 155 1394 et
179 1330 221 1394 de
242 1335 345 1394 morte
367 1329 549 1393 Palamedis
571 1330 673 1410 egisse
705 1348 805 1411 neque
827 1350 903 1396 nero
925 1331 1112 1397 henremata
1134 1335 1202 1399 eins

121 1431 418 1497 commemoranisse
440 1433 608 1498 uidentur:
631 1432 669 1498 cf.
695 1433 776 1516 Hyg.
800 1433 864 1499 fab.
890 1433 959 1498 105.
982 1469 1025 1480 -

208 1535 228 1617 ξ
250 1535 270 1600 8
293 1535 342 1599 De
364 1553 427 1599 anu
442 1535 499 1599 illa
513 1533 694 1614 furibunda,
716 1536 806 1600 cuins
826 1535 925 1615 ‚‚lacit
939 1537 1116 1616 indignatio
1131 1556 1202 1602 uer·

123 1641 222 1716 sum“,
244 1638 292 1701 ita
313 1642 351 1700 ut
372 1636 515 1702 homines
537 1642 639 1702 artem
662 1638 818 1718 poeticam
834 1639 957 1717 doceat,
979 1640 1064 1718 apud
1081 1639 1200 1721 aliosi)

124 1741 297 1820 scriptores
319 1737 397 1804 nihil
413 1739 486 1818 legi.
517 1740 631 1820 Itaque
654 1738 750 1804 uerba
773 1740 843 1819 ipsa
865 1741 1108 1807 transscribam:
1131 1739 1202 1821 „Ed

126 1840 166 1907 τὰ
181 1839 368 1928 anappum
389 1877 431 1888 -
447 1842 478 1905 in
494 1841 653 1906 Iulianum
668 1841 830 1906 inuehitur
846 1842 1019 1923 Gregorius
1036 1878 1078 1888 —
1094 1839 1127 1907 τί
1143 1840 1182 1908 δέ
1191 1871 1201 1924 ,·

124 1944 160 2010 οὐ
174 1946 232 2031 τῆς
246 1941 346 2027 γραὸς
367 1942 493 2025 μᾶλλον
516 1938 646 2028 ἐκείνης,
678 1935 697 2030 ἢ
719 1940 776 2007 τὸν
799 1933 889 2026 ὦμον
911 1948 1087 2009 σεισθεῖσα
1109 1945 1202 2032 παροί

126 2069 215 2123 τινος
238 2043 399 2122 συντόνως
421 2036 683 2127 ἀντιπαριόντσς,
712 2041 757 2121 ὡς
780 2045 885 2129 λόγος,
907 2039 963 2111 εἶν’
991 2044 1201 2134 ε’ννβρίζονσα

123 2151 168 2236 τῷ
190 2148 327 2235 σφοδρῷ
345 2151 402 2234 τῆς
429 2142 530 2234 ὁρμῆς
549 2143 631 2224 ἔπος
654 2146 857 2233 ἐφθέγξατο·
887 2149 943 2214 καί
968 2145 1051 2214 τοῦτ’
1079 2144 1200 2237 ἀρέσαν

122 2250 168 2337 τῷ
200 2246 309 2336 νεανίᾳ
340 2245 413 2314 λίαν
440 2248 496 2314 καί
519 2249 784 2335 φιλοπονώτερον
806 2251 968 2337 μεερηθὲν
989 2252 1045 2339 τὴν
1067 2259 1200 2337 θαυμα-

123 2349 196 2418 σίαν
220 2372 279 2417 σου
300 2351 417 2436 ταύτην
437 2349 666 2438 ἐδημιούργησε
689 2350 862 2437 ποίησιν,·“
875 2358 904 2436 3)
928 2392 969 2400 —-

206 2457 226 2539 ξ
244 2455 284 2522 10
299 2450 479 2534 ‘Purpurae
492 2474 582 2519 nsum
593 2457 697 2537 Tyriis
712 2458 798 2520 oanis
807 2458 977 2537 pastoralis
990 2450 1196 2523 monstrauit.¹

122 2559 250 2640 Tyriam
271 2576 445 2639 purpuram
474 2558 672 2623 notissimam
701 2557 800 2623 fuisse
829 2565 989 2623 testantur
1011 2559 1090 2623 Plin.
1115 2579 1143 2623 n.
1167 2561 1198 2624 h.

120 2661 149 2726 V
173 2661 228 2741 763
251 2659 297 2724 lX
321 2660 399 2738 1273
424 2659 528 2724 Strab.
551 2660 627 2725 XVI
641 2662 671 2742 2,
694 2661 745 2725 23.
780 2660 940 2726 Fabellam
963 2669 1080 2742 antem,
1103 2679 1197 2741 qnam

116 2762 295 2846 Gregorius
317 2761 434 2844 tetigit,
457 2763 568 2827 eodem
591 2763 657 2828 lere
679 2764 772 2827 modo
787 2764 958 2829 adumbrat
973 2763 1114 2829 Cassiod.
1129 2782 1197 2828 nar.

120 2867 136 2930 Ι
158 2866 179 2930 2
203 2864 257 2947 (ci.
272 2862 356 2929 inira
378 2883 446 2944 cap.
462 2864 533 2945 Vl),
556 2865 718 2946 aliquanto
739 2864 841 2930 fusius
856 2872 986 2930 enarrat
1000 2865 1100 2931 Nonn.
1115 2865 1197 2931 Abb.

120 2970 134 3033 l
156 2969 198 3035 66
221 2967 333 3049 (schol.
356 2968 398 3030 ad
421 2967 473 3048 l.);
496 2967 580 3032 idem
595 2973 817 3048 argumentum
839 2970 882 3033 ad
897 2968 1064 3034 Herculem
1079 2968 1196 3050 Tyrum

121 3071 293 3154 nympham
315 3075 474 3134 amantem
496 3069 651 3134 transfert
673 3069 749 3134 Poll.
772 3071 947 3153 145-473
971 3073 1012 3137 ad
1028 3071 1196 3136 Herculem

121 3297 173 3354 pro
188 3277 357 3336 Nunnianis
372 3277 493 3335 scholiis
508 3278 706 3354 compluriens
721 3279 840 3337 Suidam
857 3281 1001 3354 adlegaui,
1024 3280 1094 3359 quia
1108 3280 1197 3338 huius

122 3383 195 3440 opus
217 3363 310 3437 magis
333 3369 452 3439 praesto
475 3371 528 3421 est.
574 3365 649 3422 Mox
676 3370 775 3423 autem
798 3367 981 3440 prodituram
1004 3385 1068 3424 esse
1091 3365 1196 3423 editio-

121 3468 187 3508 nem
210 3467 228 3506 a
249 3448 385 3522 Patzigio
408 3449 580 3522 promissam
604 3468 763 3525 speramns.

207 3534 238 3611 1)
260 3532 305 3593 cf.
328 3532 517 3592 Welokerum
540 3531 693 3613 Ztsohrft.
713 3533 738 3614 f.
755 3533 785 3596 d.
796 3531 979 3598 Alt.-Wt'38.
1005 3539 1085 3592 1834
1100 3554 1129 3609 p.
1147 3537 1195 3593 55.

206 3619 238 3697 2)
261 3618 412 3678 Scholium
442 3619 529 3677 huius
558 3620 615 3677 loci
648 3621 760 3695 (Nonn.
791 3622 806 3677 Ι
830 3618 882 3696 64)
914 3621 988 3677 nihil
1019 3621 1075 3678 nisi
1108 3612 1194 3676 αὖτο-

115 3701 277 3780 «σχεδίασμα
300 3723 364 3762 esse
386 3711 518 3780 apparet.

205 3792 236 3868 8)
260 3788 381 3868 Aliquid
402 3790 507 3848 saltem
529 3791 746 3849 henrematioae
768 3791 838 3849 huic
859 3790 977 3848 fabulae
1000 3788 1095 3847 simile
1116 3789 1196 3848 inest

116 3874 171 3947 illi,
194 3895 282 3954 quam
306 3875 342 3933 de
365 3878 553 3934 Anacreonte
576 3883 675 3934 narrat
697 3877 779 3934 Max.
803 3876 871 3954 Tyr.
896 3874 944 3946 27,
969 3880 996 3933 ‘a
